3067 5075
290 265 328 332 de
344 267 402 335 ritu
417 261 581 345 sepeliendi
594 268 727 357 mortuos
744 279 795 346 ert.
808 264 1090 337 rettrcbristiauos.
1227 266 1295 339 337

433 440 501 492 Hinc
518 439 639 492 maxima
658 456 725 493 cura
741 441 873 507 sepulcris

345 555 347 560 .
431 511 599 577 impenditur,
616 508 675 562 binc
691 510 824 563 resolutos

431 578 515 630 bonor
534 580 643 633 sitimus
661 581 759 647 accipit
777 588 865 648 artas,

368 674 373 678 ·
429 655 454 701 et
473 649 576 714 saneris
596 647 711 701 ambitae
727 657 810 703 ornat

430 735 543 787 candore
560 736 673 787 nitentia
692 735 767 788 ctare

430 804 604 870 praetendere
621 805 703 856 linrtea
721 820 778 857 mus
796 812 846 870 est,

432 871 612 940 adspersaqae
631 871 740 939 myrrha
758 872 877 939 Sabaeo,

432 956 530 1008 corpas
549 943 718 993 medicamine
736 949 837 995 rerem.

433 1027 564 1090 Quidnam
582 1026 633 1079 rili
648 1042 722 1081 rana
739 1023 859 1081 cauata?

433 1096 501 1159 Qere
517 1096 631 1162 palcina
648 1098 739 1149 nolent
757 1092 945 1150 monamattai

429 1166 485 1218 iles
503 1167 570 1233 qued
587 1167 640 1218 nisi
656 1168 775 1219 creditne
792 1168 849 1219 iltis

430 1242 617 1308 nonrmortaa,
633 1237 679 1287 sed
694 1239 762 1288 ‹tata
779 1251 880 1288 surano.

69 1317 241 1399 Gregorius
262 1320 306 1396 (ia
326 1321 455 1404 Contine)
474 1329 652 1384 mortuorum
671 1344 797 1405 corpora
816 1318 934 1406 myrrha
951 1320 1068 1384 condita
1084 1319 1179 1386 fuisse
1198 1320 1294 1401 tradit,

66 1430 106 1470 nc
133 1420 345 1490 putrescerent.
382 1409 534 1473 Annonius
554 1432 679 1492 corpora
701 1412 905 1474 defunctorum
924 1431 1032 1491 rnagua
1060 1431 1132 1472 curn
1152 1423 1240 1474 une-m
1264 1421 1296 1474 et

67 1498 254 1561 aronruaitms
278 1495 394 1560 condita
418 1498 512 1561 luisse
532 1497 621 1562 refert
642 1496 673 1576 ⁴,
692 1501 744 1564 33.
780 1500 963 1564 Potentiam
983 1498 1100 1580 quidam
1118 1521 1184 1562 curn
1203 1503 1295 1560 brua-

69 1586 180 1648 mentis
200 1598 229 1648 ut
249 1607 322 1648 auro
346 1583 578 1667 sepeliebantur.
609 1586 661 1651 Sic
679 1582 797 1670 sepulta
816 1588 872 1651 luit
889 1586 996 1663 Μιιιίιι,
1016 1608 1092 1649 uxor
1108 1587 1294 1668 imperatoris

68 1674 207 1745 Honorii.
227 1674 349 1739 Romae.
382 1675 434 1737 sie
453 1675 619 1758 propinqua
636 1679 780 1757 quaedam
798 1674 901 1739 uxoris
918 1675 1081 1740 Guntarani
1098 1676 1179 1756 regis
1195 1677 1220 1737 F
1223 1696 1295 1737 ran-

69 1783 174 1826 corum
198 1761 229 1824 ia
254 1760 385 1824 eeclesia
400 1761 528 1825 Metensi
548 1760 800 1844 (¹1¹uroneusis8,
819 1766 895 1836 21..)
941 1763 1021 1827 later
1039 1766 1243 1845 deponendum
1263 1763 1295 1827 iu

66 1849 211 1932 sepulcra
227 1850 397 1914 deluuctum
415 1852 600 1932 precationes
616 1852 731 1915 babitas
743 1872 810 1915 esse
825 1848 1001 1931 intelligitur
1019 1873 1056 1914 ex
1072 1863 1145 1914 erat.
1160 1851 1294 1914 Nazian-

70 1939 142 2002 zeni
160 1961 210 2020 pru
229 1943 361 2002 Caesario
376 1941 477 2016 fratre,
500 1960 625 2022 quarum
645 1939 816 2043 exemplum
829 1938 975 2003 babetur
965 1960 996 2000 ιιι
1016 1939 1071 2017 piae
1086 1942 1206 2019 quasdem
1222 1962 1294 2003 orn·

69 2033 168 2091 tionis.
196 2027 381 2102 tenestinae
396 2025 531 2091 homiues
547 2027 663 2104 divites,
679 2027 729 2111 qui
746 2012 834 2090 ιιίιιιίεΙ
852 2048 977 2109 magnos
992 2026 1166 2089 farciebant
1157 2048 1187 2088 ιιι
1202 2026 1294 2090 tune

69 2116 156 2177 ribus
176 2125 325 2197 sumptus,
348 2116 536 2197 reprehendit
563 2118 650 2192 (de
627 2139 677 2179 ore.
694 2115 797 2191 Deil,
817 2118 924 2196 12.)c
909 2114 1148 2197 curationemque
1167 2113 1294 2193 funeris,

70 2203 242 2286 sepulturae
268 2201 479 2280 conditionem,
507 2202 697 2286 exequiarum
718 2225 869 2286 pompam,
897 2203 994 2285 inagis
1020 2203 1151 2267 virorum
1176 2202 1294 2282 solertia,
1383 2227 1388 2236 ·

69 2313 157 2374 qurum
174 2288 309 2354 subsidia
326 2302 503 2355 mortuorum
521 2311 589 2365 esse
606 2291 702 2355 tradit.
729 2292 860 2355 Eandem
876 2314 938 2356 reru
955 2290 1042 2354 etiam
1053 2292 1099 2356 Ju.
1113 2291 1294 2371 chrysosto-

70 2402 137 2443 mus
154 2379 265 2458 arguit.
303 2379 405 2445 Refert
425 2379 607 2461 Gregorius,
629 2379 717 2443 moris
735 2379 831 2444 fuisse
855 2402 910 2444 suo
930 2389 1069 2461 tempore,
1089 2382 1167 2460 quod
1186 2380 1294 2444 lunera

71 2467 242 2552 pontificum
254 2468 453 2538 Rornanorum
469 2467 598 2552 solerent
614 2468 779 2532 dalmaticis
796 2468 924 2552 contegi,
940 2490 1015 2556 quas
1028 2480 1094 2551 post
1110 2467 1293 2551 sepulturam

72 2558 199 2639 populus
217 2556 353 2620 concisas
370 2557 550 2620 reverentiae
568 2578 662 2621 causa
679 2579 799 2622 serrare
816 2559 942 2623 solebat.
977 2559 1072 2636 Quem
1097 2579 1204 2620 morem
1227 2557 1293 2639 ipse

70 2645 225 2728 improbat.
252 2645 406 2726 indiguum
424 2644 499 2707 euim
515 2665 582 2708 esse
593 2646 705 2723 scribit,
723 2667 810 2723 „curu
824 2645 916 2710 multa
932 2645 1030 2709 adsint
1041 2647 1078 2706 ab
1091 2646 1292 2726 apostolorum

72 2746 99 2796 et
116 2745 277 2817 martyrum
294 2732 468 2814 corporibus
485 2732 649 2812 velamina,
673 2755 691 2796 a
707 2745 895 2817 peecatorum
914 2733 1087 2816 corporibus
1106 2733 1191 2809 sumi,
1213 2736 1290 2813 qnod

73 2826 312 2884 adservarem-fl
337 2822 447 2884 Statuit
462 2820 563 2903 igitur,
580 2833 634 2900 „ut
650 2822 799 2900 feretrum,
816 2844 874 2905 quo
891 2822 1017 2886 Romtrni
1038 2820 1163 2901 potilieis
1182 2841 1291 2902 corpus

74 2913 108 2972 ad
127 2907 330 2992 sepeliendum
350 2910 530 2989 ducebatur,
555 2910 636 2971 nullo
660 2908 789 2991 tegmine
807 2911 986 2974 velaretur.“
1018 2906 1097 2972 lllud
1117 2909 1203 2971 etiarn
1221 2909 1292 2970 ino-

73 2996 181 3059 levisse
201 2997 324 3072 videtur,
349 3010 381 3061 nt
399 2997 528 3080 episcopi
546 2997 655 3081 aliquid
674 3020 726 3081 pro
744 2999 898 3080 sepultura
915 2997 1098 3079 acciperent,
1123 3018 1210 3078 quam
1229 3018 1292 3063 rem

74 3085 242 3149 Massalino
261 3087 353 3167 episc.
370 3086 505 3168 probibet
521 3085 686 3168 Gregorius
702 3087 921 3169 praecipitque,
942 3110 977 3150 ac
992 3092 1111 3168 pretium
1126 3108 1178 3166 pro
1194 3089 1291 3166 cepal-

75 3185 137 3237 turn
156 3180 277 3254 occipiat
300 3174 376 3257 (epp.
393 3175 425 3237 7.
443 3178 463 3234 4
479 3185 505 3236 ct
523 3175 599 3252 55.).
634 3175 707 3238 Cum
728 3186 825 3240 tamen
845 3185 950 3257 sponte
970 3196 1022 3256 pro
1047 3173 1242 3256 luminaribus
1260 3172 1292 3240 in

76 3262 179 3344 templo
197 3261 309 3343 aliquid
325 3261 471 3325 voluerint
486 3261 630 3325 haeredes
647 3265 726 3338 dare,
741 3255 776 3325 ut
791 3264 820 3325 iu
836 3263 947 3326 licitum
964 3263 1002 3326 sit
1017 3263 1162 3344 acccipere,
1180 3263 1291 3342 statuit.

160 3349 314 3430 captu.
350 3350 628 3431 Desepuleris
649 3352 938 3433 stepitapbiis.
975 3353 1008 3413 ln
1028 3352 1227 3427 coemeteriis,
1255 3352 1291 3414 de

76 3437 179 3518 quibus
198 3437 278 3500 inira
297 3437 406 3515 dicam,
431 3451 513 3501 crant
533 3439 709 3519 privatorum
729 3440 868 3521 sepulcra
887 3461 1066 3517 marmorea,
1093 3440 1240 3501 lateritata
1263 3446 1293 3502 el

75 3524 186 3588 luculos
204 3524 353 3602 babentia,
372 3526 403 3588 iu
422 3526 530 3607 quibus
552 3526 711 3588 Christiani
729 3527 959 3609 sepeliebantur.
991 3528 1038 3589 Ex
1055 3526 1204 3608 sepulcris
1221 3547 1291 3588 reru
1333 3554 1336 3558 ²

76 3618 214 3695 quaedam
231 3614 327 3676 luisse
346 3613 551 3690 haereditaria,
570 3616 713 3697 quaedam
730 3614 881 3693 denuntia,
902 3638 938 3678 cx
956 3636 991 3677 eu
1009 3625 1138 3696 apparet,
1159 3616 1236 3696 quod
1255 3616 1291 3676 dc

77 3701 204 3785 utrisque
223 3701 330 3764 mentio
351 3710 454 3766 exstat.
489 3704 535 3764 De
553 3702 759 3766 haereditariis
777 3703 976 3787 Hieronymus
995 3702 1025 3763 in
1049 3709 1129 3783 epist.
1146 3706 1185 3763 ad
1201 3710 1291 3764 Mar·

38 3797 39 3868 ,
77 3793 185 3869 cettan,
209 3793 245 3853 de
266 3791 416 3853 donatitiis
432 3789 639 3869 Nazianzenus
658 3790 688 3852 iu
707 3801 781 3855 oret,
804 3794 913 3867 (uncie.
935 3797 1062 3854 Caesarii
1080 3793 1181 3868 fratris
1206 3811 1291 3852 men·

38 3871 39 3878 '
78 3877 179 3962 tionem
197 3879 321 3942 iaciunt.
352 3879 583 3961 ,‚Scpulernm,“
603 3879 706 3961 inquit,
725 3901 765 3957 „a
783 3880 870 3943 uubis
888 3879 1052 3942 Caesarius
1069 3882 1176 3941 donum
1191 3877 1291 3958 liniret,
1316 3900 1321 3906 ¹

79 3971 149 4041 quud
182 3967 354 4050 parentibus
387 3989 422 4030 ae
448 3967 591 4030 senectuti
624 3968 654 4028 in
686 3978 815 4051 tempore
840 3989 895 4030 suo
925 3968 1022 4029 fuerat
1052 3971 1291 4049 praeparatum.“

79 4052 255 4135 Nicephorus
273 4057 352 4140 (bist
365 4051 473 4134 8,13.)
490 4055 601 4130 scribit,
620 4056 763 4119 Helenam
778 4059 943 4138 Augustam
956 4055 1171 4139 Hierosolymis
1185 4063 1292 4134 agrum

79 4139 156 4220 figuli
182 4145 280 4225 parari
314 4143 484 4217 curavisse,
515 4144 552 4205 ad
578 4144 815 4222 peregrinorum
834 4155 863 4206 ct
892 4146 1071 4207 advenarum
1098 4144 1290 4225 sepulturam.

79 4227 267 4336 Hieronymus
287 4235 325 4293 ad
343 4234 553 4294 Pammacbiam
573 4234 607 4292 de
626 4235 699 4292 obita
718 4238 858 4296 Paulinae
875 4240 992 4297 teneris:
1017 4232 1165 4311 υΟιίιιί,ιι
1186 4230 1290 4318 ἱιιιμιί1,

80 4362 96 4392 ,
102 4319 190 4382 martir
209 4341 302 4402 super
318 4320 445 4382 tumulos
462 4319 621 4400 conjugum
638 4331 784 4400 spargunt
802 4319 914 4397 riolas,
934 4343 1035 4396 rosae,
1059 4318 1121 4382 lilia
1141 4305 1289 4401 tionesque

80 4424 235 4505 purpureos
249 4419 277 4472 et
293 4408 422 4481 dolorem
439 4407 567 4490 pectoris
579 4404 630 4469 bis
641 4407 748 4471 ciliciis
759 4409 982 4475 consolanturt‘
1011 4409 1098 4489 Quod
1109 4408 1288 4474 Prudentius

80 4513 107 4557 ιι
120 4499 209 4573 benum
224 4501 259 4561 de
272 4504 396 4581 caepim
411 4506 544 4580 mortum.
562 4495 685 4583 repetit:
923 4555 926 4560 ,
987 4555 991 4561 .
1063 4555 1068 4562 ,
1133 4557 1137 4562 .

121 4598 456 4655 commonuissemus.
1041 4584 1086 4653 22
