3067 5075
733 1280 956 1368 xxxin.

299 1509 337 1599 J.
376 1505 642 1618 losephus
681 1501 913 1591 Clauder
951 1501 1006 1588 de
1046 1497 1197 1589 rimis
1232 1498 1402 1613 baptisP

725 1636 968 1753 motiones).

329 1893 364 1957 lu
376 1891 512 1957 couicoso
525 1892 639 1959 violetur
652 1894 731 1975 apud
747 1913 857 1972 omues,
874 1901 931 1957 tam
945 1890 1105 1955 historicos
1122 1887 1356 1969 ecclesiasticos,
1374 1909 1457 1972 quen

241 1985 326 2068 ipsos
344 1981 513 2063 theologos,
533 1995 661 2063 temporo
676 1982 827 2045 nascentis
847 1982 992 2047 eoclesice
1007 1980 1202 2061 simpliciores
1218 1978 1294 2041 ritus
1310 1978 1341 2039 iu
1360 1978 1459 2041 cocle-

242 2077 290 2136 sis
307 2072 418 2136 Christi
437 2072 549 2150 fuisso,
575 2071 624 2153 qui
643 2083 828 2134 sacramenta
845 2071 882 2134 N.
900 2072 940 2135 Τ.
958 2071 1052 2152 quoni
1071 2080 1224 2131 externum
1240 2076 1350 2129 statum
1372 2088 1459 2131 exor-

241 2172 359 2225 narunt.
396 2161 458 2223 Nos
483 2163 567 2222 modo
591 2158 724 2222 nonnihil
748 2163 783 2222 cle
799 2158 905 2221 ritibus
920 2158 1001 2221 circa
1022 2157 1199 2237 baptismum
1222 2177 1260 2219 ex
1282 2155 1458 2236 antiquitate

241 2248 457 2328 meditabimur,
480 2250 634 2310 verborum
652 2245 832 2310 Tertulliani
850 2250 1037 2309 recordantes
1053 2247 1105 2325 (tls
1121 2247 1200 2325 bapt.
1215 2244 1268 2320 2lz
1301 2246 1400 2318 Mitt,
1416 2244 1461 2305 in·

242 2338 319 2421 quit,
344 2341 413 2415 celso
429 2347 486 2410 ost,
509 2339 582 2417 pond
596 2339 714 2398 oldorot
730 2345 832 2396 comtos
846 2337 1000 2413 bominem,
1023 2355 1106 2415 quom
1120 2335 1287 2412 simplicitas
1300 2333 1462 2394 «licinum

241 2447 366 2504 operum,
391 2446 461 2505 quoe
475 2429 506 2485 ia
523 2434 587 2484 netu
600 2426 708 2485 videtur
723 2433 749 2484 rt
765 2423 978 2500 oropotprmtto,
1003 2444 1074 2503 quos
1089 2427 1121 2484 in
1136 2423 1233 2500 effectu
1248 2427 1461 2500 repromittitur,

241 2524 273 2576 nl
287 2515 332 2576 iiis
349 2533 470 2593 quoqne,
495 2518 628 2593 quonium
641 2521 721 2574 teoto
744 2512 923 2591 simplicitate
938 2517 999 2573 sino
1014 2532 1131 2591 pompe,
1154 2516 1215 2573 sino
1229 2518 1376 2590 oppsrmm
1393 2531 1461 2573 acco

242 2604 353 2682 aliuco,
375 2602 491 2681 donique
510 2607 570 2660 siae
590 2610 699 2677 sumto,
722 2601 804 2660 Ιιιιιιι
820 2606 850 2659 iot
870 2620 975 2680 uocum
989 2601 1125 2661 cosmam
1139 2609 1166 2660 sl
1181 2604 1253 2659 inter
1267 2618 1363 2677 putto·
1377 2600 1464 2662 ostiu

240 2696 360 2763 unctus,
385 2710 442 2749 nou
463 2689 551 2748 multo
574 2690 616 2749 ool
638 2689 726 2749 nillilo
749 2689 878 2749 mundior
902 2693 1037 2766 rescipit,
1060 2709 1091 2748 eo
1114 2688 1284 2749 incredibilis
1305 2694 1463 2749 omnious

241 2783 468 2840 aestimatorem.
504 2774 610 2835 Strabo
628 2796 687 2835 nou
704 2774 875 2836 dissimilem
894 2774 979 2836 affert
995 2775 1168 2837 senteutiam
1185 2776 1234 2856 (de
1251 2773 1341 2835 rebus
1359 2774 1461 2837 eccle·

243 2865 329 2927 sissi.
345 2864 413 2943 26.)
439 2865 499 2942 ejus
522 2864 725 2925 celebrationem
748 2866 891 2942 prodotim
912 2884 961 2942 per
984 2873 1135 2943 tcorpornm
1153 2872 1303 2941 coemento
1317 2867 1348 2922 ia
1364 2866 1462 2943 mojori

241 2959 402 3016 rocrootooe
439 2952 486 3013 Ex
506 2950 613 3033 quibus
630 2949 720 3013 facile
738 2962 825 3031 patet,
843 2947 951 3032 quauta
967 2950 1144 3030 cognitionis
1164 2949 1329 3011 necessitas
1345 2950 1462 3014 ductri-

241 3062 299 3105 uas
317 3044 352 3103 cle
370 3039 473 3101 ritibus
492 3039 715 3141 baptismalibus
733 3060 770 3100 ex
784 3037 909 3101 historia
926 3037 1127 3101 ecclesiastica
1144 3038 1299 3100 tribuenda
1315 3035 1367 3100 sit.
1407 3041 1463 3102 ltn-

242 3151 299 3213 que
316 3129 459 3228 originem
477 3127 586 3189 rituum
603 3126 736 3202 istorum,
754 3126 969 3204 necessitatem,
998 3126 1141 3189 diversam
1158 3125 1353 3188 conditionem
1372 3139 1463 3211 atque

241 3214 488 3280 circumstantiam
507 3216 675 3289 eorundem,
693 3224 833 3294 quactum
849 3212 912 3275 lieri
931 3213 1044 3294 poterit,
1063 3214 1165 3295 paucis
1184 3233 1380 3295 exponemus.

329 3304 356 3385 5.
384 3305 412 3363 1.
445 3300 606 3362 Maximum
626 3301 771 3362 ccclesiae
796 3299 979 3406 privilegium
997 3323 1014 3364 a
1030 3302 1094 3364 Deo
1116 3323 1305 3379 concessum,
1332 3304 1413 3366 dum
1430 3326 1463 3367 ex

241 3388 412 3470 singulari'
405 3388 489 3449 istius
507 3388 688 3467 providentia
705 3389 884 3469 temporibus
900 3390 1112 3472 antiquissimis
1130 3390 1213 3468 ritus,
1231 3412 1281 3471 qur
1272 3389 1462 3455 ecclesis·
1516 3409 1517 3412 ’

242 3488 430 3549 exornarunt,
447 3475 590 3556 originem
608 3489 768 3562 traxerunt,
790 3476 956 3558 intorques
975 3499 1032 3540 oon
1048 3479 1143 3540 solum
1160 3478 1233 3540 ritus
1252 3476 1463 3543 circumcisio·

240 3565 288 3628 nis
305 3587 370 3627 eum
388 3564 455 3626 aliis
471 3565 646 3627 ceremoniis
663 3565 897 3647 quamplurimis,
916 3587 975 3647 qua
992 3565 1119 3647 priscum
1136 3566 1251 3643 focius,
1270 3566 1323 3626 sod
1339 3577 1368 3627 et
1388 3570 1462 3632 ritus
1515 3577 1517 3640 j

240 3653 429 3735 baptismales
445 3651 474 3713 iu
493 3674 567 3713 novo
591 3653 710 3715 loedere
725 3654 874 3716 recenseri
901 3666 1055 3716 merentur.
1094 3653 1128 3714 ld
1146 3666 1260 3734 patrum
1278 3653 1363 3715 dictis
1387 3656 1462 3719 iltu-
1516 3679 1517 3704 ³

240 3743 327 3804 strari
348 3740 460 3820 poterit.
498 3741 561 3802 Nos
579 3742 771 3820 lautumiae,
797 3745 833 3804 ad
851 3745 994 3823 quosdam
1012 3740 1233 3804 ecclesiasticos
1248 3740 1461 3823 respicientes,

1515 3709 1517 3754 l

1515 3757 1517 3812 l

224 3828 397 3891 rnounullos
421 3830 493 3889 ritus
514 3829 700 3908 baptismales
721 3831 944 3893 annotabimus:
971 3833 1048 3912 quod
1072 3830 1225 3910 signemur
1246 3828 1334 3909 signo
1356 3832 1462 3896 crucis
1516 3871 1517 3890 2

239 3913 597 3998 (dequoBasilius)‚
622 3918 785 3998 SpirituS.
811 3918 986 3998 (Dionys.
1007 3920 1143 3998 Areop
1168 3917 1233 3980 libr.
1252 3915 1361 3979 eccles.
1390 3921 1460 3983 luic-

237 4008 333 4068 rarclr.
338 4011 347 4080 )
361 4006 436 4085 quod
454 4005 666 4078 abrenunciont
677 4007 806 4068 Salonas
824 4016 852 4065 et
868 4005 983 4085 pompis
996 4006 1071 4086 ejus,
1088 4027 1137 4087 qiu
1130 4005 1340 4085 baptizantur
1352 4009 1459 4089 (quen

238 4093 325 4155 ritum
344 4092 495 4155 insinuant
510 4092 646 4168 canit,
670 4092 829 4172 Origen.
853 4103 881 4152 ct
898 4092 1069 4156 Tertull.
1073 4098 1085 4171 )
1103 4105 1131 4156 ct
1147 4094 1196 4174 qui
1219 4093 1295 4156 ritus
1318 4094 1370 4156 alii
1391 4097 1459 4180 ejus

237 4181 358 4262 generis
382 4193 461 4244 suut
499 4180 582 4243 Unde
600 4182 837 4261 cognoscendum
864 4179 933 4257 erit,
957 4179 1032 4242 ritus
1049 4179 1285 4260 ecclesiasticos,
1310 4182 1459 4263 imprimis

236 4267 445 4352 baptismales,
469 4288 554 4330 sunm
571 4268 723 4349 origenem
742 4288 840 4331 veram
857 4265 887 4327 in
905 4268 1033 4334 ecclesia
1050 4229 1285 4334 Christianorum
1299 4273 1458 4354 accepisse

212 4569 215 4582 Ι
305 4490 333 4562 l)
353 4492 443 4562 Prot„
463 4506 551 4562 prees.
568 4481 606 4548 n?
621 4491 654 4548 fl.
670 4490 873 4564 Brumchmonu,
896 4491 984 4564 Viteb.
1006 4494 1082 4552 1693.
1101 4495 1128 4549 4.
