3067 5075
519 258 556 317 tle
572 254 803 336 susceptoribus.
1006 202 1010 209 ·
1203 259 1267 325 113

65 432 158 509 tuelle,
181 437 245 491 crta
261 449 297 491 cx
313 427 501 510 stipulatione
517 429 548 490 in
564 428 708 509 baptismo
725 448 791 490 oum
808 425 963 510 baptizato,
989 427 1199 494 interveniente
1215 453 1269 495 cc-

67 517 149 579 clesia
165 519 200 578 de
217 516 269 577 illo
288 527 366 579 recte
383 518 549 596 educando,
574 516 661 594 inita,
688 517 725 577 cb
747 515 925 597 peculiarem
947 517 1155 596 reverentiam,
1180 541 1268 600 quam

67 615 213 685 susceptus
239 607 324 666 tlebet
348 625 402 666 sno
426 604 601 686 susceptori.
641 603 829 667 contrahitur
851 604 946 667 autem
973 624 1007 666 ea
1030 605 1097 686 jure
1121 606 1268 686 pontificio

65 694 133 754 inter
156 693 331 775 baptizatum
355 700 383 755 et
399 692 554 775 patrimum
571 692 775 775 patrimamve,
800 691 876 753 intc'r
899 695 1022 754 eundern
1047 693 1222 774 baptizatum
1241 703 1269 758 et

65 781 244 862 suscipientis
266 781 393 858 liberos,
417 792 504 862 atque
521 801 642 843 uxorem
667 790 734 843 ante
758 780 975 861 susceptionem
1000 780 1156 843 carnaliter
1179 783 1215 845 ab
1234 805 1268 846 eo

67 869 220 950 cognitam,
246 869 312 930 item
331 869 407 931 inter
423 868 630 949 suscipientem
650 879 678 931 et
700 868 837 949 baptizati
862 877 971 948 patrem
995 880 1189 951 matremque,
1203 893 1269 940 ‚nec

66 978 116 1018 non
138 958 213 1019 inter
229 957 407 1038 baptizatum
423 967 451 1018 et
469 956 659 1037 baptizantem
684 957 808 1038 ejusque
834 956 911 1017 filios
935 956 1081 1038 filiasque.
1119 958 1198 1020 lnter
1213 958 1269 1022 ltos

66 1043 154 1127 itaque
169 1045 196 1107 vi
219 1064 364 1106 cancnnrn
383 1044 594 1106 matrimonium
610 1066 669 1105 non
693 1055 737 1107 est
753 1045 998 1117 contrahendum,
1024 1055 1074 1105 aut
1090 1044 1115 1106 si
1133 1059 1270 1110 contrac-

67 1144 118 1195 tum
134 1133 180 1211 sit,
198 1132 403 1195 dirimendum.
426 1133 486 1193 lmo
503 1142 531 1195 et
547 1152 670 1213 poenam
681 1132 761 1194 adlit
771 1132 929 1194 Balsamon
943 1131 1271 1212 (athomccan.Photii

67 1220 104 1282 tit.
120 1219 167 1298 13,
184 1223 215 1283 5.
240 1244 271 1303 p.
288 1220 383 1299 204):
417 1224 473 1296 Qtri
493 1243 554 1282 oum
577 1243 625 1297 ec,
650 1243 733 1300 quom
757 1243 772 1281 e
794 1223 928 1300 baptismo
945 1223 1059 1295 leuauit,
1084 1224 1127 1281 ool
1142 1220 1191 1282 rol
1207 1245 1271 1285 mtt-

67 1314 178 1375 trinnoii
194 1316 307 1373 nomiae
322 1331 379 1373 ram
395 1311 484 1386 notet,
506 1311 549 1373 cel
563 1311 638 1371 nlius
655 1311 728 1369 olom
742 1311 926 1387 conpescitur,
950 1314 975 1370 ei
992 1329 1052 1369 mont
1067 1314 1130 1387 ipsc
1148 1332 1204 1390 quc
1218 1317 1272 1373 coit

67 1416 139 1458 norea
154 1408 341 1476 amputentur.
373 1432 412 1444 -
447 1398 475 1481 ξ.
501 1396 552 1458 19.
587 1396 841 1458 Nutanterautem
859 1395 965 1456 dictum
983 1406 1041 1470 est,
1067 1397 1272 1474 cognationem

67 1482 134 1545 banc
150 1482 334 1566 spiritualem
358 1505 375 1545 a
396 1484 463 1564 juro
482 1483 612 1547 nunroo
628 1495 658 1547 st
674 1482 881 1547 constitutione
899 1483 1102 1545 ecclesiastica
1120 1485 1204 1546 Rom.
1221 1506 1272 1547 re-

68 1576 205 1653 petendam
225 1593 312 1649 esse,
338 1571 420 1652 qnia,
444 1571 523 1633 side
544 1571 726 1653 jnnedivino
752 1592 896 1653 quaeras,
922 1591 1066 1651 nusquam
1090 1572 1272 1645 inveniesin

68 1661 199 1742 scriptura
216 1661 249 1723 S.
270 1659 366 1739 legem
384 1661 459 1720 banc
475 1680 542 1746 esse
559 1658 656 1720 latam.
687 1657 765 1720 lllud
782 1679 850 1721 vcro
868 1672 928 1719 non
945 1661 1111 1737 negandum
1131 1668 1184 1733 est,
1200 1679 1273 1722 con-

69 1748 156 1811 silium
179 1747 367 1830 cognationis
388 1746 553 1828 spiritualis
578 1767 638 1807 non
662 1749 860 1827 spernendum
885 1767 950 1809 osso
977 1745 1148 1827 simpliciter
1172 1747 1272 1810 velen

69 1835 158 1900 saitem
174 1842 360 1917 argumento,
379 1839 457 1917 qnod
477 1834 648 1912 reverentia,
672 1857 731 1916 qna
746 1845 903 1915 susceptus
919 1835 1083 1915 susceptori
1100 1843 1127 1896 ct
1144 1835 1273 1899 cilicium

69 1946 117 2005 qno
131 1925 257 1988 vicissim
279 1924 325 1985 hic
341 1924 385 1984 illi
402 1933 524 2001 tenetur,
542 1923 637 2002 magis
653 1922 848 2001 confirmetur,
870 1928 997 1983 ananan
1014 1921 1174 1984 auctoritas
1191 1924 1273 1984 omli-

69 2012 108 2074 nis
129 2012 366 2088 matrimonialis,
390 2011 523 2092 inprimis
540 2012 577 2072 ob
601 2010 744 2072 delectum
768 2010 845 2089 legis
865 2009 1034 2083 divinioris,
1056 2008 1172 2087 'videtur
1196 2010 1273 2073 lianc

70 2100 152 2182 legem
169 2113 318 2177 evenere,
337 2100 425 2181 idque
443 2109 521 2161 tanto
539 2099 651 2179 magis,
677 2100 754 2179 qnod
772 2096 826 2159 illa
842 2096 1004 2159 reverentia
1022 2107 1049 2157 et
1066 2097 1195 2160 debiturn
1213 2120 1272 2162 nou

71 2189 226 2271 simpliciter
243 2191 284 2250 ab
301 2195 369 2250 actn
391 2185 543 2267 conjugali
567 2184 768 2268 prohibentur.
805 2186 890 2249 Unde
915 2183 1061 2246 eeclesiae
1084 2195 1201 2248 nostrae
1218 2189 1274 2251 hon

71 2284 138 2338 tanto
153 2278 252 2359 majori
278 2278 345 2358 jure
371 2279 408 2337 ab
425 2275 607 2355 obligatione
622 2275 730 2336 decreti
748 2273 836 2355 bujns
860 2271 1062 2336 absolvuntur.
1098 2273 1182 2335 Hatec
1204 2297 1273 2340 vero

72 2376 94 2426 et
108 2365 209 2428 similia
225 2365 298 2430 mini
315 2364 444 2428 sufficiat
459 2362 660 2443 recensuisse3
677 2385 734 2445 quo
748 2363 815 2446 jore
833 2381 929 2426 autem
945 2361 1024 2436 fiant,
1041 2383 1137 2425 meum
1155 2385 1213 2427 non
1230 2375 1275 2428 est

70 2474 211 2537 rnqmrerc.

133 4558 197 4609 'stu-
207 4563 311 4620 antiquitt.
325 4565 394 4611 must.
402 4565 433 4611 Π.
446 4569 466 4609 t.
