3067 5075
556 244 593 306 de
609 262 703 309 coena
717 242 847 307 Domini.
1235 200 1302 309 {25

96 440 161 498 ergo
184 425 213 479 et
238 417 446 480 consensionis
470 418 505 480 in
524 418 592 503 lide.
625 419 734 481 Euseb.
753 417 821 481 bist.
844 413 919 479 ecel.
936 411 969 494 b,
987 418 1029 478 26
1052 414 1188 495 πέμπειν
1209 411 1304 500 erigo*

74 505 208 588 ‚proriae
232 505 317 569 dixit.
358 506 465 568 Postea
488 505 540 567 illa
564 509 745 569 consuetudo
769 506 828 568 suit
853 503 1009 585 probibita.
1052 503 1194 567 Similiter
1216 506 1302 568 edam

94 592 185 654 Latini
201 591 345 673 eulogias,
356 593 492 657 dixerunt
508 594 604 658 frusta
620 593 706 675 panis
724 592 879 670 benedieti,
896 594 949 654 sed
966 612 1023 655 non
1041 591 1071 653 in
1089 613 1174 655 usum
1190 595 1303 657 enoba-

94 679 203 757 ristiae,
229 681 281 762 qui
298 689 326 742 et
342 681 508 744 mittebatur
522 684 559 743 ad
577 683 732 759 absentes,
755 692 787 743 ut
803 701 893 762 saepe
916 679 1025 760 legitur
1041 679 1072 741 in
1089 679 1222 761 epistolis
1237 683 1304 744 Au·

94 767 195 848 gustini
223 779 251 830 et
274 768 381 845 Pauli,
411 779 440 831 et
462 769 556 832 saeris
580 768 706 852 peractis
731 772 819 846 datur
843 767 898 846 iis,
929 766 979 849 qui
1003 767 1219 841 communicare
1243 789 1304 831 nou

93 857 199 917 inerant
225 857 336 936 parati,
369 864 469 919 ut‘est
490 856 522 918 iu
549 860 686 932 decreto,
719 859 796 937 quod
827 856 871 918 l‘ii
898 856 922 919 l.
949 854 1065 917 nemine
1090 856 1304 919 circumfertur.

94 944 237 1005 bobantur
254 945 375 1006 eaedem
393 944 529 1025 eulogiae
545 954 573 1008 et
590 944 827 1021 catechumenis,
857 941 907 1025 qui
920 942 972 1025 jus
988 945 1149 1022 sumendae
1165 944 1304 1007 eucbari·

93 1030 158 1093 stiae
179 1051 237 1091 non
263 1032 425 1097 habebant.
474 1033 574 1114 ltaque
598 1033 653 1093 boe
675 1032 735 1094 illis
758 1042 821 1095 orat
843 1030 909 1093 loco
927 1030 1104 1094 sacramenti
1121 1041 1209 1114 atquo
1227 1035 1302 1095 adeo

94 1128 297 1181 sacramentum
313 1121 459 1201 quoddam
476 1121 532 1182 boo
548 1119 610 1181 illis
628 1129 699 1183 erat.
738 1120 812 1182 Nam
829 1118 871 1181 ito
886 1118 995 1181 diserte
1010 1115 1142 1200 adpellat
1159 1119 1304 1201 Augusti-

95 1226 152 1282 nus,
169 1208 218 1286 (de
239 1217 427 1288 peccatorum
445 1207 555 1270 rneritis
571 1218 597 1269 et
613 1207 727 1270 remiss.
744 1205 776 1284 2,
794 1205 861 1289 26.)
887 1203 1000 1269 laxiore
1024 1206 1160 1270 videlicet
1175 1208 1304 1286 notione,

95 1293 155 1373 quia
169 1294 306 1374 precibus
324 1295 571 1359 sanctificabatur.
603 1293 647 1357 do
666 1303 821 1376 propterea
837 1313 942 1374 pnaeur
957 1292 1040 1355 illum
1056 1303 1201 1375 vocarunt
1216 1294 1303 1358 etia·

94 1375 266 1463 diuidemus,¹
289 1382 426 1464 quoniam
445 1383 541 1445 locum
559 1382 708 1444 obtinebat
724 1371 835 1464 doipon,
859 1381 879 1441 i.
898 1402 937 1460 e.‚
956 1402 981 1444 s.
998 1382 1205 1446 eucharistiae.
1237 1384 1304 1446 Hoc

95 1486 206 1549 nanque
222 1469 374 1550 significat
395 1458 432 1531 τὸ
449 1467 560 1555 δῶρον.
603 1470 751 1532 Dixeruat
768 1471 892 1531 eandem
914 1489 1019 1550 panem
1042 1479 1071 1532 et
1093 1463 1229 1530 κλαστὸι
1252 1480 1304 1533 aut

46 1624 51 1631 .
94 1548 304 1636 κατάκλειστον,
323 1569 441 1640 propter
455 1558 639 1634 fractionem,
662 1578 749 1639 uuam
770 1555 906 1619 videntur
921 1557 952 1617 iu
970 1577 1004 1619 eo
1023 1556 1177 1620 dividendo
1195 1560 1303 1620 obser-

94 1661 184 1719 rasse,
201 1642 281 1707 sicut
298 1647 513 1709 observabatur
530 1645 559 1706 iu
578 1645 774 1708 eueba'ristiae
793 1644 1008 1722 distributione,
1032 1646 1069 1706 de
1085 1665 1144 1728 pua
1161 1645 1302 1728 deinceps
1321 1710 1324 1719 Ι

95 1749 138 1808 pro
153 1729 272 1794 instituti
293 1727 386 1795 nostri
403 1736 516 1795 ratione
534 1754 629 1815 pauca
650 1732 825 1796 notabimus.
867 1733 950 1795 llaec
972 1753 1042 1795 rero
1060 1753 1137 1815 quae
1159 1730 1303 1811 bspteuus
1384 1792 1389 1799 .

95 1816 235 1899 interprete
259 1819 441 1884 Casanbono
466 1821 707 1900 submonuimus,
739 1823 776 1883 ad
800 1822 937 1897 Petrum,
968 1821 1094 1882 maxime
1117 1822 1303 1900 graecorum,

95 1900 305 1970 illustrationem
332 1909 463 1990 adprime
486 1909 606 1972 lanient.
654 1909 687 1971 S.
713 1928 835 1971 coenam
863 1918 959 1969 autern
985 1901 1131 1988 εὐλογίαν
1155 1920 1184 1970 ιι
1207 1904 1302 1990 edgor-
1342 1984 1346 1989 .

95 1984 360 2076 praeterlaapettari
382 1993 620 2078 σι’νιιιδοχικιῑς,
644 1996 703 2078 jam
722 2017 739 2058 a
756 1996 842 2057 nobis
858 1994 907 2055 bic
924 2008 952 2055 et
968 1993 1043 2056 alias
1060 2006 1105 2056 est
1121 1994 1241 2058 dietum.
1257 2028 1303 2041 -

97 2073 118 2157 ᾗ.
133 2079 159 2140 b.
182 2081 283 2146 Restat
300 2105 408 2146 nornen
424 2085 539 2161 Missa,
562 2086 640 2165 qnod
665 2083 798 2165 profecto
821 2103 892 2164 prae
916 2081 1024 2144 ceteris
1049 2082 1143 2143 uetari
1161 2091 1303 2161 moretur.
1348 2086 1351 2091 '

95 2162 221 2229 Pontificii
239 2172 352 2251 passim
368 2191 387 2233 a
403 2187 476 2234 natu
500 2173 667 2247 deducunt,
692 2181 723 2231 nt
737 2172 776 2231 sit
798 2171 884 2251 quasi
900 2168 1078 2230 sacrideium
1096 2166 1217 2244 altaris,
1243 2191 1302 2251 qao
1329 2168 1332 2174 ’

96 2248 150 2330 ipso
161 2250 319 2323 Hebraeae
341 2258 463 2339 linguae
487 2256 682 2339 ignorantiam
711 2256 785 2320 satis
810 2258 946 2337 produnt.
988 2256 1046 2318 lilii
1072 2277 1177 2319 nomen
1203 2257 1303 2321 Missa

96 2334 242 2406 llebraearu
261 2367 365 2409 vocem
382 2365 450 2408 esse
472 2362 535 2432 apa
552 2349 679 2422 donum,
697 2344 825 2419 oblatio,
843 2365 880 2409 ex
899 2344 988 2408 Dent
1010 2341 1060 2422 16,
1081 2347 1121 2406 10
1140 2345 1209 2407 olim
1226 2366 1302 2408 cou-

96 2423 219 2504 jeceraut.
266 2434 313 2496 lta
331 2435 365 2497 A.
382 2434 417 2496 C.
443 2432 474 2494 in
492 2433 618 2514 Apolog.
643 2436 678 2496 dc
705 2434 807 2496 vocab.
834 2432 962 2495 missae:
991 2431 1179 2511 „Quorsum
1208 2433 1303 2514 ajunt,
1398 2444 1404 2454 ‘

98 2533 159 2596 opus
183 2531 225 2583 est
246 2521 351 2604 procul
377 2542 518 2605 quaerere
543 2520 766 2605 etymologiam,
792 2542 858 2584 curn
880 2529 959 2585 extet
986 2542 1090 2583 nomeu
1108 2522 1199 2586 missa
1214 2522 1303 2586 Dent.

100 2601 141 2665 lo.
157 2608 200 2668 obi
224 2609 376 2692 signifieat
399 2608 572 2673 collationes
587 2632 613 2674 s.
633 2631 754 2673 munera
781 2609 899 2692 populi,
927 2630 985 2672 non
1004 2609 1181 2672 oblationem
1198 2630 1303 2674 saeor-

100 2689 171 2756 dotis.
205 2697 363 2762 Debebunt
379 2699 455 2764 euim
479 2696 591 2777 singuli
610 2699 762 2761 venientes
786 2701 822 2761 ad
848 2694 1076 2760 celebrationem
1101 2699 1228 2777 pasobae
1245 2698 1304 2760 ali-

101 2782 164 2855 quod
188 2804 294 2848 monus
322 2786 407 2868 quasi
428 2785 591 2868 symbolam
616 2787 743 2851 adlorrc.
789 2786 876 2848 llnne
894 2806 1002 2847 osorem
1020 2784 1103 2846 initio
1122 2786 1305 2849 retinuerunt

101 2873 124 2923 tl
137 2867 314 2939 Christiani.>
336 2874 553 2937 Conuenientos
577 2874 750 2936 adferebant
766 2867 869 2953 panes,
890 2873 988 2935 vinnm
1009 2883 1037 2934 et
1053 2870 1124 2953 alia,
1141 2882 1174 2935 ut
1190 2884 1304 2936 testau-

101 2955 282 3025 turCauones
310 2959 529 3042 Apostolorum.
571 2962 642 3023 lade
666 2962 839 3023 sumebatur
856 2981 941 3041 pars,
968 2967 1044 3042 quiae
1070 2974 1304 3024 consecraretur.
1420 3029 1422 3033 y

100 3035 237 3124 Reliquum
252 3048 485 3113 distribuebatur
495 3047 686 3129 pauperibus.
704 3047 780 3109 Cum
791 3048 849 3110 b‘oo
861 3068 942 3109 more
954 3048 1136 3110 retinuerunt
1154 3059 1183 3109 et
1199 3069 1306 3111 nomen

101 3126 279 3218 collationum,
299 3138 421 3201 missa.“
454 3137 520 3199 Non
539 3157 611 3216 ergo
630 3146 676 3198 est
692 3138 846 3212 absonum,
864 3134 974 3198 missae
990 3155 1092 3208 roccus
1109 3155 1127 3197 a
1144 3135 1304 3199 Chaldaeis

99 3224 140 3314 tot
154 3218 295 3287 Hebraeis
320 3234 465 3307 repetere.
518 3224 593 3287 Nam
617 3241 681 3310 aaa
707 3224 856 3287 Hebraeis
883 3222 1031 3308 significat
1057 3225 1183 3302 deauru,
1218 3224 1305 3288 obla·

101 3309 201 3371 booe'm.
250 3313 365 3397 Morem
394 3334 512 3396 quoqne
539 3311 682 3376 offerendi
709 3309 792 3374 dona
813 3313 850 3390 alr
876 3311 1023 3374 Hebraeis
1051 3314 1099 3373 ad·
1119 3311 1305 3375 Christianos

102 3392 215 3487 perisse,
232 3401 404 3480 audiemus,
423 3422 489 3464 cum
507 3410 638 3463 veterum
655 3420 767 3482 agapas
783 3421 887 3462 sauros
904 3399 1107 3463 examinatori.
1148 3399 1244 3483 Atque
1260 3400 1318 3481 sio,

102 3474 143 3539 nlla
163 3495 187 3544 ot
208 3505 272 3551 cum
300 3500 395 3569 etymo
420 3501 448 3552 et
472 3508 538 3550 eum
563 3511 594 3551 re
618 3488 703 3569 ipsa,
731 3489 761 3552 b.
778 3510 817 3566 e,
843 3488 1056 3550 cousuetudine
1071 3496 1201 3551 veterum
1218 3509 1306 3572 qnam

103 3568 214 3656 proxime
229 3596 395 3659 congruere
411 3578 561 3641 videatur.
597 3576 792 3652 Atenimraro,
809 3577 946 3657 quoniam
963 3596 1020 3638 uox
1036 3576 1113 3656 apud
1130 3575 1306 3657 interpretes

104 3659 126 3711 et
138 3652 231 3724 Patres
246 3666 463 3729 vetustissimos
481 3686 538 3727 non
556 3663 722 3740 invonitur,
748 3664 844 3745 Syrus
865 3662 967 3739 etiam,
986 3661 1072 3743 cujus
1089 3671 1184 3725 tamea
1203 3664 1308 3742 lingua

105 3739 134 3798 td
148 3741 295 3816 bebraeam
312 3771 403 3837 prope
421 3753 554 3830 aceedit,
572 3755 693 3815 eandem
710 3751 838 3832 ignorat,
863 3750 971 3812 missae
988 3749 1164 3811 vocabulum
1181 3751 1307 3833 originis

106 3842 158 3891 ιιιι
173 3831 314 3905 bobraeao
338 3842 516 3906 dubitamus.
559 3840 684 3921 Legitur
709 3838 826 3921 quidem
851 3839 880 3900 in
906 3838 1086 3901 Graecorum
1111 3840 1307 3904 monumentis

105 3928 160 4017 ιιι·
172 3924 258 4005 pion,
285 3933 336 3993 sed
355 3943 507 3994 auctorum
529 3927 642 3991 mediae
659 3927 782 4018 aetatis,
808 3926 856 4009 qui
874 3937 942 3989 anto
960 3947 1056 3988 anuos
1073 3938 1310 4012 praeterpropter

105 4014 280 4088 nonrogeutus
295 4021 331 4081 de
348 4042 379 4082 re
396 4016 513 4081 militari
531 4015 716 4098 scripserunt
733 4026 761 4079 et
778 4016 894 4098 quidem
912 4036 965 4097 pro
982 4015 1159 4097 vespertinis
1170 4018 1309 4098 precibus

105 4097 314 4183 cotuatensis,
337 4128 395 4168 noo
413 4129 466 4190 pro
482 4115 691 4181 sacramento,
716 4114 748 4166 ut
764 4106 921 4176 observat,
945 4113 1018 4165 testo
1042 4103 1238 4179 (lasaubono,
1263 4105 1310 4167 Je.

106 4169 247 4279 lilenrsids.
298 4197 485 4282 Quapropter
523 4194 642 4275 plorimi
677 4191 787 4258 missae
815 4191 991 4255 vocabulum
1024 4193 1062 4253 ab
1088 4192 1144 4252 ritu
1169 4190 1309 4271 populum

106 4259 234 4337 ltmaendi
259 4283 425 4347 desumunt.
472 4281 574 4359 Moris
601 4281 669 4342 olim
694 4293 775 4360 erat,
800 4292 848 4358 ut,
874 4301 938 4341 cunr
959 4278 989 4338 in
1013 4277 1133 4357 judiciis
1154 4280 1311 4342 Romano-

106 4363 158 4413 ’Μ
172 4376 268 4436 arares
283 4372 444 4435 clamabat:
470 4370 523 4431 lli
538 4371 614 4433 cet!
630 4368 784 4452 judicibus
801 4367 928 4431 abeundi
942 4366 1020 4429 lauta
1032 4375 1163 4447 potestas
1174 4366 1312 4430 insinua·

107 4442 188 4522 rotae,
211 4473 282 4533 quae
304 4459 431 4523 formula
454 4460 515 4521 lut
544 4477 662 4541 quoqne
687 4455 849 4520 dimittendi
873 4452 996 4518 funeris.
1037 4452 1090 4516 Sic
1106 4453 1230 4519 Graecis
1249 4461 1313 4517 erat

142 4540 202 4642 lter·
213 4556 312 4642 unoquo·
328 4562 404 4614 sarra
414 4563 445 4605 11.
459 4567 479 4603 ι.
1068 4542 1107 4638 15
