3067 5075
375 313 413 373 de
428 286 560 376 veterem
573 309 809 377 Christianarum
823 312 939 396 agapis.
1074 393 1078 397 ⁶
1200 315 1266 381 211
1371 308 1377 314 ’

69 492 131 563 tate,
154 484 343 566 temperantia
360 494 388 548 et
403 487 553 566 modestia,
579 488 685 569 quibas
702 498 823 552 roesam
840 506 898 551 non
915 487 1011 569 magis
1027 509 1158 567 suarem,
1181 510 1268 573 quan

69 580 185 637 sanatum
200 571 282 635 reddi
299 573 525 637 arbitrabantur.
564 575 758 640 Habebuntur
780 587 934 660 praeterea
956 597 1107 641 sermones
1125 587 1159 641 st
1181 598 1269 643 serra

69 661 200 744 scriptura
225 660 391 742 legebatur.
438 663 539 742 Quare
556 663 709 728 Lneianus
730 665 760 726 in
785 666 871 746 epist.
893 667 928 728 de
953 672 1038 728 mort.
1054 665 1208 747 Peregrina.
1231 670 1268 731 de

70 749 288 813 Christianorum
312 749 455 813 conviviis
480 751 573 813 saeris
591 764 708 815 narrat:
732 749 802 815 οἴνα
827 746 941 816 δεῖπνα
961 754 1089 814 remmio
1111 753 1265 833 εἰοεκομί·

71 833 127 907 ζετο
148 836 196 898 καὶ
220 827 309 919 lo'yor
335 833 411 919 depol
428 831 532 898 αὐτῶν
556 833 707 921 ἐλέγοντο.
750 841 883 923 Ηνοιοοο
910 852 1061 921 praeterea
1085 850 1113 903 et
1137 840 1268 924 psalmos

70 927 225 988 deeautetos
244 945 328 1002 esse,
353 936 455 986 anatur
472 934 516 988 est
533 925 745 1007 Cypriaaas').
788 929 980 989 titulabantur
1004 928 1138 991 esuriria
1160 930 1269 992 motuis

71 1012 259 1093 amplexibus·
275 1021 303 1074 et
320 1010 431 1075 osculis
447 1034 514 1077 aura
530 1013 646 1076 solenni
663 1016 781 1096 pietatis
797 1013 933 1092 formula,
958 1037 1017 1097 qua
1032 1034 1136 1096 paesrn
1152 1018 1269 1080 omnia·

71 1121 116 1181 que
129 1099 297 1164 laustrtsibi
316 1102 550 1181 apprecabantar
563 1099 617 1181 **).
634 1136 676 1149 -
697 1102 815 1180 Quibus
831 1103 1003 1185 praemissis
1020 1125 1099 1167 aune
1115 1104 1269 1168 audiam

72 1189 269 1252 Tertullianum
287 1185 424 1272 (apolog.
441 1189 508 1265 39.)
526 1192 605 1270 apsd
622 1210 707 1271 quem
725 1190 949 1271 elegantissima
964 1201 1060 1254 exstat
1074 1194 1178 1256 borum
1195 1213 1269 1256 eon·

72 1276 193 1339 uitiorum
209 1276 388 1357 descriptio,
415 1297 501 1358 qnam
527 1277 581 1340 etsi
606 1277 769 1359 longiorem
795 1279 964 1341 adscribere
989 1281 1043 1341 abs
1064 1301 1097 1342 re
1120 1302 1180 1343 nou
1204 1281 1270 1345 erit.
1296 1330 1298 1333 ψ

73 1362 153 1427 larba
168 1358 232 1446 ejus
248 1371 320 1428 suut
336 1365 440 1437 baeer,
465 1363 588 1442 „Coena
606 1372 706 1428 uestra
724 1368 759 1427 do
777 1366 895 1429 nomine
912 1366 1053 1429 rationem
1070 1367 1118 1428 sui
1134 1369 1270 1442 orrenda

72 1452 94 1513 id
108 1463 227 1533 roratur,
252 1453 332 1533 qnod
348 1450 465 1514 dileetio
483 1474 575 1532 pones
592 1452 736 1516 Graecos.
772 1454 1018 1536 Quantiseuuque
1033 1456 1179 1517 sentisse
1196 1477 1270 1519 euu-

73 1549 131 1602 stet:
146 1539 256 1602 luuram
275 1549 329 1613 est,
346 1539 596 1620 pietatis‘norniae
612 1541 711 1604 faeere
729 1554 867 1604 sumtum.
887 1542 1040 1622 Siquidem
1055 1542 1161 1624 inopes
1177 1563 1270 1625 qnos·

72 1646 117 1706 aue
129 1627 278 1708 refrigerio
295 1629 352 1689 isto
366 1628 512 1708 juvamus,
530 1649 588 1690 rroa
606 1649 665 1709 qua
681 1649 773 1709 peaes
790 1651 842 1692 ros
857 1629 977 1711 parasiti
993 1630 1134 1692 affectant
1147 1633 1185 1693 ad
1200 1631 1270 1711 gb-

73 1715 129 1776 riam
150 1713 336 1778 famulandae
361 1714 505 1777 libertatis
532 1718 589 1777 sub
614 1726 815 1778 autoramento
840 1717 951 1779 uentris
976 1716 1051 1779 inter
1075 1717 1269 1781 contumelias

73 1803 224 1882 εονὶοοοοίς
248 1804 302 1866 sed
322 1822 380 1884 qna
399 1823 489 1883 penes
507 1802 601 1865 Deam
620 1804 711 1885 major
728 1815 772 1865 est
791 1803 998 1885 contemplatio
1014 1805 1218 1884 mediocrium,
1243 1806 1270 1869 si
1333 1799 1335 1805 ¹

75 1888 177 1952 bouesta
192 1911 286 1953 eausa
302 1900 346 1951 est
362 1890 498 1967 eoarivii,
515 1890 657 1971 reliquata
675 1891 804 1953 urdiaero
817 1891 972 1970 disciplina
988 1891 1149 1969 aestimate,
1166 1894 1215 1974 qui
1231 1893 1271 1957 sit

76 1979 102 2039 de
116 1977 255 2058 religionis
275 1977 385 2057 olliaio,
402 1977 473 2038 nibil
493 1977 623 2056 vilitatis
642 1977 712 2039 aibil
732 1978 933 2041 immodestiae
949 1978 1082 2042 admittit.
1103 1980 1170 2041 Non
1187 1981 1269 2061 prius

76 2065 258 2143 discumbitur,
286 2087 374 2146 quam
393 2066 487 2127 oratio
509 2068 546 2127 ad
564 2066 657 2127 Deum
677 2075 900 2147 praegustetur,
927 2065 1023 2127 editur
1039 2077 1180 2147 quantem
1196 2086 1269 2130 esu·

77 2151 162 2215 rieules
177 2154 317 2235 eupiunt,
343 2152 466 2227 bibitur,
492 2163 631 2234 qrraatam
656 2153 774 2235 padio-is
792 2164 837 2216 est
855 2153 945 2230 utile,
972 2153 1012 2215 ita
1028 2156 1215 2233 saturantur,
1238 2167 1271 2217 ut

74 2240 115 2319 aui
128 2242 311 2318 meminerint,
337 2240 423 2303 etiarn
439 2262 493 2321 per
509 2251 623 2303 aoetsar
640 2243 822 2303 adorandum
837 2241 894 2304 sibi
912 2243 1007 2303 Deam
1024 2262 1100 2318 esse,
1124 2241 1166 2305 itu
1179 2241 1269 2305 lebn-

77 2324 170 2409 laatrir,
191 2339 221 2392 ot
236 2329 288 2412 qni
306 2329 417 2405 soiarrt,
443 2329 599 2391 Dominam
620 2330 733 2391 erudire.
770 2331 843 2392 Post
859 2350 965 2410 aquam
985 2327 1150 2392 massalem
1169 2340 1197 2393 et
1220 2331 1270 2392 lar-

79 2414 154 2494 niua,
178 2427 207 2479 at
231 2417 358 2499 quisque
383 2419 419 2479 de
443 2417 596 2498 seripturis
621 2417 732 2480 sanetis
758 2416 805 2479 ael
830 2420 866 2480 de
883 2417 1002 2500 proprio
1024 2416 1146 2499 iugenio
1165 2429 1269 2500 potest,

80 2512 226 2582 prouocatur
251 2506 284 2570 in
311 2504 439 2568 medium
463 2505 526 2569 [leo
551 2525 677 2569 cauere:
706 2505 775 2567 biae
800 2507 954 2586 probatur,
986 2508 1130 2589 quomodo
1156 2506 1271 2586 biberit,

80 2610 152 2673 seqare
167 2594 253 2656 oratio
269 2593 437 2657 consitium
455 2593 580 2671 dirimit,
606 2594 673 2657 iude
697 2594 859 2656 disceditur
873 2616 932 2655 nura
955 2594 985 2655 iu
1003 2595 1271 2669 saterraseaasis·

81 2698 142 2752 urar,
153 2699 241 2763 neque
257 2681 291 2743 iu
310 2682 424 2745 alasses
440 2681 677 2757 discursantium,
701 2702 756 2742 aso
773 2683 802 2742 in
821 2681 990 2764 eruptiones
1006 2681 1203 2760 lasciviarum,
1218 2684 1271 2744 sed

81 2767 108 2825 ad
121 2771 228 2831 eandm
246 2789 351 2832 earam
369 2769 529 2832 modestiae
545 2779 574 2832 et
590 2769 762 2848 pudicitiae,
791 2780 822 2831 ut
839 2769 889 2850 qui
908 2790 966 2831 aon
985 2779 1041 2832 tarn
1059 2789 1179 2832 eoeuam
1200 2789 1271 2833 eoe-

82 2855 196 2933 uaaariut,
213 2878 302 2940 qnam
317 2854 535 2938 disciplinaru.“
568 2858 647 2918 ldem
664 2856 693 2916 iu
713 2857 789 2918 libro
807 2859 843 2918 ad
861 2857 950 2919 lllart.
969 2858 1015 2937 (2.
1032 2879 1060 2937 p.
1077 2858 1167 2933 320.)
1184 2855 1272 2919 dieite

82 2938 184 3020 „lateat
198 2965 273 3026 qaae
292 2946 374 3027 justa
389 2954 457 3008 serat
472 2937 541 3013 earo
558 2965 616 3006 rrou
632 2943 756 3006 admittit
773 2965 824 3023 per
837 2963 936 3006 eoram
953 2944 1100 3006 eeclesiae
1113 2951 1142 3004 et
1153 2962 1272 3025 agapen

82 3025 193 3093 trama:
217 3044 245 3094 et
267 3054 361 3113 saper·
385 3053 460 3113 qaae
483 3051 599 3113 seraper·
621 3030 706 3093 utilia
729 3031 813 3106 lidei,
838 3029 968 3112 spiritns
985 3029 1168 3112 adipiseitur.
1204 3028 1271 3093 Nan

82 3114 145 3177 alles
157 3117 263 3182 alienas
283 3124 367 3199 deas,
391 3141 450 3181 noa
468 3119 648 3201 imaginibus
665 3139 764 3182 eornm
781 3118 921 3197 incurris,
943 3139 1001 3181 uon
1017 3116 1157 3181 solennes
1173 3117 1272 3180 natio·

82 3220 132 3264 ran
147 3204 202 3270 dies
218 3209 283 3289 ipsa
301 3206 501 3272 commistione
519 3207 693 3289 participas,
715 3228 774 3269 non
793 3207 946 3287 nidoribus
960 3205 1079 3287 sparsis
1097 3205 1272 3284 verberaris,

83 3307 126 3350 aaa
140 3291 309 3358 elamoribus
325 3295 571 3376 speetaealoram,
588 3294 749 3373 aaronitas,
766 3294 812 3357 rel
830 3295 939 3370 furora,
957 3295 1004 3356 rol
1021 3292 1202 3374 impudicitia
1220 3311 1271 3356 ee-

84 3372 226 3444 lebraatiom
243 3383 395 3447 caederis:
422 3403 479 3446 uon
503 3384 532 3444 ia
554 3383 619 3445 laea
636 3380 789 3444 libidinam
806 3382 990 3464 publicarum
1008 3380 1086 3443 oonli
1105 3380 1146 3442 tui
1162 3376 1271 3462 impin·

84 3473 147 3544 adal,
163 3489 248 3532 uaeas
264 3492 286 3534 a
302 3469 463 3547 scandatis,
479 3490 497 3531 a
514 3470 734 3546 tentationibas,
759 3491 777 3532 a
795 3469 1046 3532 recordationibus
1063 3467 1157 3543 mulis,
1178 3466 1273 3548 jaula
1376 3483 1390 3488 ·

69 3558 342 3625 ·parseentiunibns.“
361 3596 398 3609 -
423 3557 502 3636 Quid
521 3558 625 3621 miram
642 3556 749 3637 itaque,
765 3556 791 3641 si
809 3556 970 3637 scriptores
987 3555 1094 3617 maltos
1109 3554 1139 3614 iu
1156 3573 1272 3634 agapa-
1355 3563 1359 3570 “

85 3641 536 3709 mrollaodatioaibasrorsari
555 3646 822 3707 animadvertamus
833 3645 848 3703 'l
881 3645 978 3705 lustar
993 3641 1121 3703 omniurn
1144 3641 1273 3722 subjun-

86 3742 169 3798 tauns
185 3731 440 3816 Gbrysostoraaur,
467 3733 515 3814 qni
538 3749 647 3795 morem
663 3730 742 3793 burro
759 3741 846 3793 uuoat
863 3729 1091 3812 potoaerrtnmm
1108 3737 1196 3833 atrpne
1211 3727 1274 3790 uti-

88 3807 214 3883 lissimam.
245 3821 326 3884 Diait
343 3821 438 3884 euim:
454 3820 538 3892 ἔθος
554 3811 723 3882 κάλλιστον
738 3816 791 3879 καὶ
807 3810 1042 3901 χρησιμώτατον
1057 3816 1107 3890 ναὶ
1123 3836 1181 3897 pap
1197 3809 1274 3899 sipri-

87 3915 135 3974 app
156 3896 306 3980 ὑπόθεσις
324 3901 365 3987 ἤν
395 3907 444 3971 καὶ
468 3908 576 3979 πενίας
603 3906 795 3987 παραμυθία
824 3903 876 3966 καὶ
898 3894 1041 3966 πλούτου
1066 3891 1275 3987 σοφρονισμὸς

88 3981 124 4041 tal
136 3987 412 4079 ταπεινοφροσύνης
429 3990 621 4057 διδασκαλία.
646 3996 718 4057 ddd.
735 3993 913 4056 'l'ertalliam
931 3995 967 4055 ad
984 3991 1135 4055 Martae.
1152 4013 1180 4073 p.
1194 3991 1273 4068 1563

124 4116 300 4134 Μ’·-ῇ

59 4173 61 4198 ⁵
143 4173 166 4236 *l
183 4182 253 4245 epist.
269 4184 299 4235 de
318 4185 460 4252 speetaeul.
482 4185 588 4254 „Sonat
606 4184 718 4250 psalmos
736 4182 882 4233 coavivium
900 4181 1023 4245 sobrium,
1042 4189 1069 4232 et
1087 4188 1116 4231 ut
1129 4180 1177 4230 tibi
1196 4185 1275 4230 tenea

89 4244 190 4295 nonoris
208 4257 261 4315 est,
280 4269 329 4303 vox
348 4269 460 4317 canora,
489 4254 629 4318 aggredere
656 4254 704 4302 boe
730 4267 838 4315 munusp
864 4266 896 4302 en
922 4265 993 4302 more
1018 4249 1099 4313 magia
1127 4247 1275 4299 carissimos

90 4316 172 4373 pasees,
191 4317 211 4367 si
228 4319 262 4369 sit
278 4321 350 4373 nobis
368 4321 512 4389 spiritualis
532 4322 640 4384 auditio,
660 4320 791 4387 prolectet
808 4335 884 4371 aures
903 4319 1025 4383 religiosa
1038 4317 1189 4370 mulsedo.“
1206 4316 1274 4384 Add.

92 4374 222 4437 Tertallr‘oa.
241 4388 271 4440 de
289 4407 375 4441 eorou.
396 4392 422 4443 3.
448 4393 549 4444 decrat.
567 4390 628 4441 bist.
651 4389 715 4440 eoel.
735 4391 760 4452 5,
774 4390 818 4444 22.

92 4503 116 4557 ¹⁶
141 4445 185 4567 ¹⁴3¹)
205 4451 293 4510 lustin.
320 4456 398 4512 Mart.
425 4459 527 4528 apolog.
548 4460 574 4516 2.
606 4475 630 4527 p.
653 4458 754 4510 tet-at
774 4472 829 4524 seq.
872 4456 978 4522 (tripes.
1007 4456 1033 4506 in
1053 4454 1129 4523 epist.
1150 4454 1183 4554 sd
1200 4449 1275 4509 Rom.

1009 4591 1074 4658 tt*
