3067 5075
298 273 364 349 sos
482 286 485 291 ’
600 374 606 394 ι
734 284 838 351 surr.
869 280 935 349 arc.
951 256 1075 348 ossis

298 461 362 542 pari
382 460 466 522 modo
493 457 578 521 etiam
603 457 725 521 flammis
745 459 901 523 tradidisse
923 459 1047 538 noxios,
1059 479 1063 487 ’
1077 469 1108 521 ut
1129 458 1188 520 illis
1207 458 1373 534 videbantur,
1389 456 1461 535 libros,

299 545 433 630 exemplo
448 548 561 610 Neruae
577 546 711 626 Pompilii
729 557 852 610 constat.
887 548 985 629 Hujus
1001 549 1077 610 enim
1094 569 1159 609 cnm
1174 544 1243 607 libri
1259 545 1360 625 septeni
1373 545 1399 605 in
1411 566 1461 624 agro

297 637 336 700 L.
349 633 457 698 Petillii
477 635 617 708 Scribae,
636 634 714 697 areis
737 635 861 716 lapideis
884 634 1003 714 inclusi,
1025 636 1232 717 reperirentur,
1250 642 1331 715 atque
1353 621 1383 695 al
1398 653 1461 712 prae-

289 734 389 787 torem
406 727 549 785 urbanum
566 723 592 803 Q
609 721 754 784 Petillium
773 724 966 798 deferrentur,
985 723 1140 800 hominem,
1166 736 1196 785 ut
1212 724 1329 799 ridetur,
1351 719 1460 782 insulsum

299 822 328 873 et
345 823 460 894 praeter
478 833 537 873 reru
559 810 698 891 iniquum,
725 811 844 873 cremati
863 819 934 873 sunt
951 813 1026 874 forte
1046 834 1104 873 non
1124 812 1201 888 mali,
1219 821 1320 874 senatu
1334 810 1360 869 id
1374 808 1460 889 jubente

288 901 393 962 adhuc
411 899 441 960 in
458 896 563 962 litteris
581 899 656 974 rudi,
679 899 709 959 in
727 910 888 981 conspectu
904 901 1005 982 populi
1024 899 1164 977 universi,
1183 920 1220 961 ex
1240 918 1273 961 ea
1289 896 1393 973 ratione,
1408 897 1460 976 quod
1483 904 1487 915 “

297 997 416 1069 praetor
437 1007 470 1049 se
491 987 697 1069 jusjurandum
721 989 791 1049 dare
817 999 946 1068 paratum
965 1009 1031 1050 esse
1048 988 1161 1069 ajebat,
1183 987 1275 1048 libros
1292 1005 1339 1047 eos
1353 984 1403 1062 legi
1416 1002 1460 1044 ser·

296 1075 420 1156 rarique
444 1096 501 1135 non
527 1085 671 1154 oportere.
715 1074 861 1138 Referunt
885 1077 960 1138 hanc
985 1098 1045 1138 rem
1070 1075 1188 1156 copiose
1209 1074 1311 1136 Livius
1333 1071 1460 1153 thistrou.

296 1161 351 1236 40,
363 1162 429 1240 29.)
446 1172 474 1223 et
487 1162 658 1224 Lactantius
676 1162 778 1242 (divin.
791 1163 860 1227 inst.
871 1164 899 1241 l,
912 1166 978 1242 22.)
995 1164 1043 1244 qni
1060 1173 1154 1225 tamen
1170 1162 1339 1243 insipienter
1349 1160 1374 1220 id
1386 1159 1460 1219 laetus

297 1248 483 1330 pronunciat.
516 1255 605 1311 Isturu
621 1249 714 1329 igitur
729 1271 839 1313 morem
857 1252 1043 1313 comburendi
1060 1251 1162 1330 libros,
1178 1251 1293 1330 priscae
1308 1249 1460 1311 Romanorum

296 1336 435 1418 religioni
454 1339 605 1415 adversos,
624 1337 781 1401 retinuisse
800 1339 886 1400 etiam
903 1338 1093 1420 imperatores
1110 1358 1242 1419 paganos
1262 1350 1375 1416 tompore
1390 1351 1460 1413 perse·

286 1425 422 1487 -cutioois
450 1427 480 1486 iu
507 1425 692 1488 Christianos
715 1426 875 1499 excitatae.
911 1437 940 1488 et
963 1426 1115 1507 speciatim
1142 1425 1259 1509 quidem
1285 1422 1460 1490 Diocletianum,

298 1522 382 1576 extra
399 1534 512 1575 omnem
529 1512 756 1577 controuersiam
775 1524 828 1577 est.
860 1512 953 1578 Velim
970 1526 1064 1575 tamen
1081 1523 1148 1575 ante
1164 1513 1262 1575 omnia
1278 1513 1359 1594 probe
1372 1504 1460 1585 discerni

297 1611 445 1682 tempora,
473 1612 531 1663 tum
550 1600 641 1679 illud,
669 1621 727 1678 qno
753 1612 861 1662 tantum
885 1604 920 1663 de
946 1601 1031 1663 libris
1055 1601 1289 1664 Christianorum
1307 1596 1416 1659 instituta
1434 1601 1461 1654 est

297 1690 430 1768 quaestio
455 1688 580 1767 simplex
603 1697 631 1749 et
654 1688 835 1767 indignatio,
869 1707 934 1749 cunr
962 1689 1164 1751 combustione
1185 1691 1311 1750 nondum
1334 1683 1461 1765 conjurent

287 1785 357 1837 ‘turn
381 1774 463 1849 illud,
488 1795 546 1854 qno
569 1774 642 1836 tradi
658 1775 736 1855 jussi
756 1785 826 1837 snut
842 1775 930 1837 iidem
950 1768 979 1838 et
995 1779 1031 1839 ad
1048 1798 1151 1857 rogum
1172 1777 1273 1857 inique
1290 1771 1404 1853 flagitati.
1434 1767 1460 1826 ll

296 1860 371 1923 illud
395 1865 471 1944 quod
497 1865 623 1940 adtinet,
649 1862 700 1924 diu
719 1875 787 1925 estc
805 1863 981 1925 Diocletiani
1001 1875 1141 1941 aetatem,
1163 1874 1192 1925 et
1216 1864 1328 1945 quidem
1344 1861 1393 1941 jam
1410 1855 1461 1915 ciret

296 1949 383 2012 linem
407 1971 467 2015 sec.
485 1951 521 2012 ll.
545 1950 589 2013 rel
609 1950 724 2013 initium
742 1951 795 2013 lll.
813 1963 845 2014 ut
868 1950 918 2014 alii
936 1949 1045 2028 rolant,
1068 1952 1281 2031 imperantibus
1300 1949 1372 2029 Sept.
1386 1946 1460 2006 Serere

286 2048 327 2101 ct
346 2039 490 2101 Antonino
509 2036 665 2101 Caracalla
684 2038 835 2120 indagatio
852 2039 991 2101 librorum
1010 2059 1161 2101 sacrorum
1177 2038 1258 2101 faeta
1274 2047 1324 2100 est.
1362 2033 1397 2094 lta
1411 2037 1460 2091 certe

297 2147 353 2188 nos
376 2129 481 2188 docent
499 2126 571 2189 dcta
595 2125 819 2206 proconsularia
843 2135 1000 2208 martyrum
1017 2125 1252 2204 scillitanorum,
1277 2124 1323 2206 qui
1340 2118 1406 2202 passi
1418 2122 1461 2214 emt

287 2214 478 2293 ¹Carthagine
496 2213 574 2278 xvi.
595 2213 665 2276 Kal.
683 2214 809 2296 Augusti
832 2235 860 2278 s.
878 2215 947 2277 Chr.
965 2215 1056 2292 20⁰„
1077 2234 1152 2294 qnae
1175 2226 1242 2276 acta
1258 2203 1474 2275 servaruntnoba'

208 2315 216 2325 ”
296 2308 357 2363 tum
376 2301 524 2363 Baronins
550 2304 662 2376 (conci.
679 2305 741 2363 conl.
762 2308 840 2364 Tora.
856 2308 899 2365 11.
918 2305 957 2363 cd
974 2324 1002 2363 o.
1021 2305 1050 2363 0.
1070 2304 1157 2382 302.)
1181 2312 1242 2364 tum
1266 2295 1432 2363 emendatiora
1444 2298 1460 2388 ct

296 2388 419 2451 meliora
441 2387 604 2450 Ruinartus
630 2388 675 2466 (in
700 2392 779 2450 Actis
801 2401 954 2465 marterum
971 2395 1086 2452 sinceris
1104 2401 1129 2450 et
1152 2393 1259 2452 relectis
1280 2412 1308 2469 p.
1324 2387 1360 2446 86
1372 2379 1414 2462 rs.)
1429 2396 1460 2457 til

294 2474 406 2538 illaad
436 2496 463 2540 a.
480 2475 554 2539 200.
585 2475 694 2538 rectius
716 2474 832 2553 retulit,
854 2476 954 2558 judice
973 2477 1137 2540 Mosbemio
1164 2479 1213 2561 (de
1235 2469 1460 2564 contedpoloprtifi

297 2568 467 2627 Tertulliani
482 2576 507 2626 ct
522 2570 603 2626 initio
621 2571 818 2644 persecutionis
831 2562 1053 2629 christiacorom
1070 2568 1120 2627 rob
1137 2571 1247 2643 Stroero¹
1265 2566 1293 2649 ᾗ.
1304 2565 1360 2640 10.)
1396 2557 1420 2618 lt
1430 2550 1459 2611 l¹⁵

286 2651 475 2714 ‘Saturninus
493 2652 660 2734 proconsul,
677 2652 723 2714 rir
737 2648 891 2716 atmodum
903 2656 1062 2729 modestos,
1079 2657 1114 2715 ad
1127 2653 1293 2734 Speratum,
1309 2649 1353 2733 qni
1364 2643 1459 2728 prinecps

295 2743 505 2822 quodammodo
524 2741 627 2802 horum
651 2749 807 2821 martyrum
832 2752 910 2818 erat,
937 2741 995 2803 ait:
1025 2747 1080 2816 Qut
1099 2752 1165 2803 cont
1188 2745 1270 2819 libri,
1292 2760 1354 2820 poor
1374 2732 1460 2795 adami

294 2829 433 2907 inperitos?
461 2832 499 2895 od
523 2850 593 2911 qnae
616 2831 758 2909 respondit
780 2836 931 2910 sperator:
964 2834 1090 2903 erntoor
1113 2832 1256 2908 scarpam
1280 2827 1382 2889 lioniini
1402 2819 1460 2880 antri

157 2929 160 2934 ’
270 2921 362 2977 'deon
381 2919 492 2990 Gheirti,
515 2928 542 2977 cl
561 2919 694 2996 epistolas
714 2924 805 2978 coorti
821 2920 906 2978 Penii
922 2919 1067 2996 Apostoli,
1091 2927 1116 2977 et
1134 2937 1243 2979 omnem
1260 2917 1382 2977 diuinitus
1399 2906 1459 2987 topi·

282 3014 387 3066 ‘retum
403 3011 583 3085 scriptorem.
626 3003 710 3066 Haec
726 3004 791 3084 ipss
807 3008 896 3066 rerba
910 3015 1007 3065 antem
1025 3003 1125 3084 paullo
1143 3002 1231 3064 aliter
1246 2998 1381 3082 expressit
1394 2993 1460 3057 (lolll

293 3090 362 3154 MS.
381 3090 583 3153 Bibliothecae
606 3087 795 3154 colbertinae
819 3094 910 3172 (apud
928 3094 1051 3154 eundem
1069 3090 1246 3152 Ruinartaru
1270 3111 1300 3170 p.
1317 3088 1388 3162 sat:
1411 3083 1478 3153 pao*

294 3188 349 3254 est,
373 3180 453 3241 dicite
470 3183 548 3256 mihi,
570 3200 615 3239 rer
637 3181 827 3241 doctrinarum
850 3187 880 3240 in
904 3201 1006 3241 cocere
1030 3189 1056 3239 et
1080 3181 1211 3257 rolipione
1228 3174 1340 3241 semro?
1363 3172 1459 3265 sparh}

294 3270 416 3326 Serretes
434 3268 590 3346 respondit:
615 3268 679 3326 libri
702 3270 921 3344 scamellorum,
946 3278 971 3327 et
989 3268 1122 3346 epistolae
1141 3269 1227 3328 Pnoli
1250 3271 1304 3328 oiri
1325 3257 1459 3344 suntheim

293 3349 404 3412 loxias
426 3351 518 3432 igitur
537 3360 660 3428 constet,
679 3352 739 3432 jam
759 3363 828 3413 tnnc
845 3352 982 3433 temporis
999 3357 1035 3415 de
1052 3351 1137 3414 libris
1154 3352 1376 3415 Christianorum
1391 3353 1459 3441 quaro

295 3438 447 3519 coepisse,
471 3440 522 3500 sed
541 3436 659 3498 fortuito
683 3438 778 3519 quasi,
801 3459 859 3501 oon
882 3461 918 3501 cx
936 3443 1071 3503 mandato
1088 3439 1282 3521 imperatoris,
1304 3455 1387 3516 neque
1403 3439 1458 3490 ettad

281 3524 370 3605 ideo,
395 3537 426 3588 ut
442 3528 480 3588 ad
499 3526 598 3605 ignens
621 3535 821 3607 poscerentur.
866 3528 943 3589 lderu
962 3528 1101 3590 fortassis
1119 3527 1235 3610 q'uoque
1253 3524 1353 3588 accidit
1366 3513 1458 3615 posthtfr

294 3634 359 3676 curn
391 3615 452 3677 sub
472 3614 564 3677 Decio
595 3618 762 3677 turbaretur
788 3613 914 3678 civitatis
940 3615 1115 3678 christianae
1144 3612 1353 3697 tranquillitas,
1382 3600 1458 3667 irrnltt

290 3702 474 3783 potissimum
491 3703 727 3784 pbilosophorum
744 3713 772 3764 et
788 3703 953 3781 calumniis,
971 3713 1030 3765 tum
1051 3704 1136 3765 etiarn
1146 3703 1280 3786 judicum
1297 3692 1457 3761 nonnullorum

292 3790 370 3867 odio,
391 3791 440 3872 qui
458 3813 523 3853 eom
539 3790 754 3855 inleusissioros
775 3813 808 3856 se
826 3791 1002 3853 Christianis
1020 3791 1174 3853 maximam
1194 3803 1302 3872 partem
1319 3777 1457 3877 ⁰¹lll0'l'l’

290 3876 322 3938 in
337 3874 432 3940 libros
450 3900 566 3960 quoquc
581 3876 698 3939 illorum
715 3878 858 3942 saeviisse
876 3878 1013 3940 credendi
1030 3888 1124 3959 arnul.
1159 3879 1233 3942 Cum
1250 3890 1342 3941 tamen
1357 3869 1457 3953 primns

290 3965 385 4028 edicto
412 3964 457 4028 rol
480 3966 599 4047 publica
616 3966 789 4028 anctoritate
813 3963 885 4026 illud
910 3987 968 4027 uon
992 3965 1080 4028 luerit
1101 3973 1218 4028 cautum
1243 3983 1335 4046 neque
1356 3961 1458 4049 expressi

288 4074 344 4116 nos
368 4054 447 4115 hanc
463 4053 495 4114 in
518 4074 578 4115 rem
596 4053 757 4115 habeomhs
781 4052 955 4132 scriptorum
978 4053 1059 4115 illius
1076 4053 1181 4116 aetolis
1201 4048 1371 4123 testimonie,
1395 4046 1459 4136 ¹¹¹l⁰⁸

288 4163 350 4203 reor
376 4141 407 4201 in
434 4140 529 4203 medio
552 4139 755 4222 relinquimus.
800 4139 997 4224 Referendum
1017 4143 1074 4203 hnc
1099 4141 1201 4219 etiam,
1229 4142 1304 4222 qnod
1322 4131 1456 4197 nantario

288 4230 338 4303 (de
352 4240 433 4292 mort.
450 4252 523 4311 pere.
540 4228 604 4309 12.)
627 4226 785 4308 primordia
802 4229 1015 4308 persecutionis
1031 4228 1252 4292 Diocletianeae
1268 4238 1409 4316 exponens,
1421 4209 1456 4273 tl·

287 4315 347 4377 hnc
363 4319 391 4380 d.
406 4317 459 4379 23.
472 4317 562 4378 Febr.
579 4337 607 4377 a.
620 4315 698 4383 303..
709 4318 843 4398 adeoque
858 4328 924 4378 aute
940 4316 1156 4398 promulgatum
1173 4311 1351 4402 imperatoris
1365 4307 1456 4393 edictap

286 4402 477 4465 Nicomediae
500 4403 644 4465 accidisse
669 4404 772 4480 tradit,
802 4412 957 4485 scriptores
978 4415 1103 4484 repertos
1125 4411 1253 4468 incensor
1267 4404 1360 4478 fremor·
1388 4387 1457 4453 ΡΜ*

288 4489 365 4553 enim
387 4490 461 4553 illud
478 4490 543 4553 lieri
561 4488 608 4554 rel
625 4491 736 4555 sciente
754 4512 789 4555 ac
807 4491 920 4556 volente
936 4491 1068 4556 Caesare
1086 4492 1233 4576 Augusto,
1254 4489 1338 4572 cuius
1354 4475 1456 4548 nillil
