3067 5075
793 1122 935 1208 XLV.

255 1340 564 1454 Onuphrius
592 1340 877 1429 Panrinius
908 1342 961 1428 de
984 1339 1068 1427 ritu
1091 1337 1446 1453 sepeliendimor·

336 1494 431 1566 tuos
461 1481 572 1591 apud
602 1484 768 1564 veteres
794 1477 1054 1565 Christianos
1085 1492 1128 1564 et
1156 1475 1383 1563 eomndem

705 1614 1020 1731 coemeteriis')
1086 1617 1092 1624 ’
1312 1602 1339 1613 ’Δ

341 1868 556 1933 Praefatio.
598 1867 680 1949 dpud
706 1886 808 1928 omnes
828 1877 932 1948 gentes
950 1866 1111 1947 Romanas,
1137 1867 1284 1948 Graecas,
1309 1860 1444 1940 Hebraeas,
1492 1874 1493 1939 ξ

256 1958 426 2039 Aegyptias,
443 1973 470 2021 et
487 1959 562 2020 alias
580 1958 721 2019 barbaras
737 1957 872 2018 nationes
890 1965 981 2016 statos
1002 1957 1220 2040 sollemnesque
1234 1957 1444 2040 sepeliendomn
1492 1942 1493 1959 ¹

255 2060 431 2108 mortuorum
458 2047 531 2109 ritus
552 2058 579 2111 et
598 2046 773 2107 cerimonias
797 2045 908 2121 luisse,
936 2044 966 2104 in
990 2046 1085 2118 libris,
1111 2067 1183 2126 quos
1206 2048 1249 2106 oo
1275 2053 1443 2126 antiquitatum

254 2142 450 2198 Romurrmum
466 2136 584 2216 scripsi,
603 2132 709 2194 diffuse
729 2132 841 2193 ostendi
861 2131 1055 2213 singulasque
1072 2135 1293 2195 commentariis
1310 2144 1337 2195 et
1351 2127 1444 2194 tabellis

243 2214 375 2300 aeneis,
401 2244 447 2284 res
467 2224 548 2305 ipsas
571 2221 819 2302 exprimentibus,
843 2217 999 2281 illustrari.
1045 2218 1133 2297 Quod
1157 2223 1183 2283 si
1203 2215 1443 2303 profanos-sepul-

254 2332 369 2373 crorum
393 2311 466 2371 ritus
492 2309 648 2372 memoriae
673 2307 887 2380 commendari,
910 2327 1011 2369 sacras
1031 2321 1159 2371 veterum
1180 2310 1403 2377 Christianorum
1422 2303 1444 2364 in

255 2401 355 2461 eadem
373 2420 405 2460 re
423 2399 694 2480 pulcherrimasque
713 2395 946 2472 observationes,
964 2417 1037 2477 quas
1053 2399 1165 2477 passim
1183 2398 1332 2473 adnotavi,
1350 2392 1442 2457 silentio

253 2486 413 2569 praeterire
440 2485 524 2548 nefas
543 2506 608 2549 csse
628 2482 709 2546 duxi.
743 2485 788 2545 lle
809 2483 915 2565 quibus
931 2485 991 2568 jam
1010 2486 1122 2569 justum
1143 2484 1375 2549 commentarium
1391 2478 1441 2555 leci,

225 2653 229 2661 ε
255 2594 339 2656 quem
357 2574 386 2635 in
405 2574 549 2654 epitomen
570 2574 615 2635 bio
635 2576 781 2634 redactum
803 2574 946 2635 communi
966 2576 1162 2636 studiosorum
1180 2573 1300 2636 utilitati
1319 2571 1441 2655 publicare
1491 2605 1492 2612 κ

180 2669 206 2710 «”
254 2663 404 2740 constitui,
423 2663 453 2723 in
471 2686 526 2746 quo
545 2660 729 2746 breuissime,
747 2683 823 2742 quae
840 2661 933 2723 saneti
951 2676 1047 2743 patres
1065 2663 1167 2737 nostri,
1183 2663 1298 2745 antiqui
1316 2654 1441 2740 religionis
1491 2655 1492 2732 ζ

182 2823 187 2830 ¹
255 2752 430 2812 christianae
454 2763 687 2833 propagatores,
712 2752 747 2808 de
767 2747 930 2829 sepeliendi
947 2751 1004 2811 ritu
1024 2751 1213 2832 scripserint,
1237 2750 1373 2831 aperiam.
1409 2743 1441 2804 llo

254 2839 404 2917 religiosis
423 2839 514 2918 igitur
538 2838 707 2920 sepultarae
729 2837 963 2920 ,Christianorum
990 2840 1162 2901 ceremoniis
1182 2839 1393 2919 disputaturus,
1414 2831 1440 2890 ab
1490 2839 1492 2890 l

254 2928 379 2989 bominis
397 2926 549 2988 christiani
567 2925 750 3006 aegrotantis
770 2926 844 2986 actis
861 2927 1054 2988 sollemnibus
1071 2919 1200 3008 incipere
1217 2948 1324 3008 operae
1342 2922 1439 3005 pretinn

254 3015 377 3093 ridetur,
400 3016 505 3077 deinde
523 3015 622 3097 aliqua
639 3036 810 3097 prosequar,
828 3035 904 3096 quae
921 3017 956 3077 ad
974 3015 1029 3076 hou
1045 3026 1247 3097 argumentum
1267 3005 1440 3077 convenientia

255 3124 322 3165 esse
337 3105 488 3185 judicabo.
1441 3097 1445 3104 ’

343 3208 457 3288 (lapl.
492 3208 544 3268 Ile
578 3206 872 3285 confessionis,
905 3205 1177 3268 eucharistiae
1208 3215 1243 3269 et
1270 3216 1438 3270 extremit

257 3294 440 3355 unctionis
462 3295 699 3355 sacramentis
717 3293 951 3374 animaequae
966 3294 1131 3357 morituri
1150 3291 1438 3357 commendatione.

255 3381 408 3444 Hominem
430 3379 619 3441 christianum
643 3390 842 3455 aegrotantem
860 3383 1044 3463 presbyteros
1064 3381 1208 3445 ecelesiae
1226 3404 1319 3466 usqne
1336 3383 1369 3442 ab
1383 3395 1437 3460 apt·

255 3465 395 3530 stolorum
413 3468 593 3548 temporibus
611 3467 765 3541 visitasse,
789 3489 841 3547 pro
864 3490 898 3531 eo
917 3490 1029 3546 orasse,
1054 3471 1149 3553 ipsius
1166 3471 1329 3534 confitentis
1344 3473 1438 3549 percult

255 3557 386 3620 audiisse
411 3567 439 3620 et
457 3557 626 3635 dimisisse,
653 3557 859 3620 eucharistiam
891 3560 1058 3637 porrexisse
1092 3571 1296 3641 extremaeque
1318 3549 1437 3624 unctionis
1490 3581 1491 3618 r

255 3660 438 3709 sacramento
458 3648 603 3720 donasse,
629 3648 734 3707 docent
753 3658 811 3707 turo
831 3646 864 3709 S.
882 3647 1010 3709 lacobus
1029 3649 1199 3727 apostolus,
1219 3660 1277 3709 tum
1297 3645 1343 3709 alii
1362 3653 1436 3724 patres
1490 3665 1491 3692 r

254 3735 452 3815 apostolorum
471 3733 651 3813 temporibus
674 3734 772 3797 ricini.
809 3733 862 3795 llle
880 3735 993 3815 quidem
1014 3756 1060 3815 ep.
1080 3732 1110 3809 5,
1134 3724 1436 3812 14-15.siupoui-

254 3820 371 3883 tentiam
390 3831 418 3882 et
434 3831 590 3884 extremam
607 3824 773 3883 unctionem
791 3833 1007 3887 commemorat:
1026 3821 1215 3904 „lufirmatur
1231 3821 1298 3904 quis
1314 3822 1342 3883 in
1356 3811 1435 3879 robisl
1459 3889 1462 3895 Ι

253 3910 372 3970 inducat
390 3911 575 3994 presbyteros
595 3910 738 3971 ecciesiae
757 3921 785 3969 et
803 3922 886 3971 orent
905 3931 1086 3988 supereum,
1108 3922 1253 3991 ungentes
1274 3932 1335 3973 eum
1351 3900 1435 3967 elcoil

254 3997 371 4059 nomine
387 3996 515 4071 Domini,
534 4009 561 4058 et
578 3996 669 4058 oratio
687 3997 752 4058 fidei
771 3998 898 4059 salvabit
913 3997 1056 4079 infirmum
1074 4009 1103 4061 et
1119 4000 1265 4061 adlerabit
1280 4018 1341 4060 eum
1355 3987 1434 4057 lioni-

255 4098 326 4147 aas:
344 4085 408 4146 etsi
421 4086 450 4154 in
464 4084 590 4164 peccatis
602 4083 648 4158 sit,
664 4086 845 4147 remittentur
858 4086 925 4161 ei;“
943 4085 1127 4148 confessione
1140 4086 1254 4149 scilieet
1265 4093 1434 4167 peccatum:
1455 4127 1457 4136 .

253 4194 340 4254 quam
361 4194 425 4233 eum
442 4192 541 4251 saepe,
567 4183 625 4233 tum
643 4173 865 4236 extremoritae
882 4174 979 4236 lacere
998 4174 1102 4236 solitos
1121 4174 1225 4251 fuisse,
1243 4178 1316 4238 idem
1332 4169 1434 4235 lacobus
1488 4231 1490 4264 r

195 4317 199 4323 ,
253 4260 358 4337 innuit,
375 4282 447 4346 ‘euru
464 4259 583 4342 subjicit
602 4263 643 4341 (r.
663 4262 736 4342 lo):
761 4261 966 4355 „confitemini
985 4283 1057 4344 ergo
1076 4263 1129 4326 alii
1146 4263 1214 4327 aliis
1231 4272 1346 4347 peccata
1361 4263 1435 4319 rosta

251 4404 472 4434 f—=——-—-

260 4563 265 4568 θ
322 4482 347 4550 ·)
365 4467 448 4538 'aaa
468 4485 557 4540 mm
576 4485 653 4555 raro,
671 4487 706 4554 43
726 4501 781 4539 aa.
801 4485 874 4541 aaa.
895 4471 1022 4555 rosam
1040 4487 1112 4558 urps.
1133 4489 1209 4556 rrrr,
1227 4457 1255 4543 i.

1489 4757 1490 4806 l

1489 4851 1490 4878 l

1489 4881 1490 4930 l
