<?xml version="1.0" encoding="UTF-8"?>
<!DOCTYPE html PUBLIC "-//W3C//DTD XHTML 1.0 Transitional//EN"
    "http://www.w3.org/TR/xhtml1/DTD/xhtml1-transitional.dtd">
<html xmlns="http://www.w3.org/1999/xhtml" xml:lang="en" lang="en">
 <head>
  <title>
</title>
<meta http-equiv="Content-Type" content="text/html;charset=utf-8" />
  <meta name='ocr-system' content='tesseract 3.04.00' />
  <meta name='ocr-capabilities' content='ocr_page ocr_carea ocr_par ocr_line ocrx_word'/>
</head>
<body>
  <div class='ocr_page' id='page_1' title='image "./thesauruscommen02volbgoog_0262.png"; bbox 0 0 3067 5075; ppageno 0'>
   <div class='ocr_carea' id='block_1_1' title="bbox 126 248 1063 360">
    <p class='ocr_par' dir='ltr' id='par_1_1' title="bbox 126 248 1063 360">
     <span class='ocr_line' id='line_1_1' title="bbox 126 248 1063 360; baseline -0.004 -18"><span class='ocrx_word' id='word_1_1' title='bbox 126 248 128 254; x_wconf 67' lang='grc'><strong>’</strong></span> <span class='ocrx_word' id='word_1_2' title='bbox 164 268 166 271; x_wconf 79' lang='grc'>’</span> <span class='ocrx_word' id='word_1_3' title='bbox 283 264 351 342; x_wconf 71' lang='lat' dir='ltr'>itt</span> <span class='ocrx_word' id='word_1_4' title='bbox 703 268 812 340; x_wconf 76' lang='lat' dir='ltr'>xuttt.</span> <span class='ocrx_word' id='word_1_5' title='bbox 836 272 950 341; x_wconf 78' lang='lat' dir='ltr'>comt.</span> <span class='ocrx_word' id='word_1_6' title='bbox 969 275 1063 360; x_wconf 60' lang='lat' dir='ltr'>ceper</span> 
     </span>
    </p>
   </div>
   <div class='ocr_carea' id='block_1_2' title="bbox 122 443 1458 4584">
    <p class='ocr_par' dir='ltr' id='par_1_2' title="bbox 122 443 1458 4598">
     <span class='ocr_line' id='line_1_2' title="bbox 122 443 1450 533; baseline -0.001 -17"><span class='ocrx_word' id='word_1_7' title='bbox 122 448 124 454; x_wconf 34' lang='lat'>⁸</span> <span class='ocrx_word' id='word_1_8' title='bbox 219 450 229 459; x_wconf 74' lang='grc'><em>’</em></span> <span class='ocrx_word' id='word_1_9' title='bbox 286 451 344 517; x_wconf 76' lang='lat' dir='ltr'>criti</span> <span class='ocrx_word' id='word_1_10' title='bbox 360 459 508 533; x_wconf 84' lang='lat' dir='ltr'>potusque</span> <span class='ocrx_word' id='word_1_11' title='bbox 520 470 586 512; x_wconf 88' lang='lat' dir='ltr'>cunr</span> <span class='ocrx_word' id='word_1_12' title='bbox 601 448 669 512; x_wconf 82' lang='lat' dir='ltr'>aliis</span> <span class='ocrx_word' id='word_1_13' title='bbox 685 449 833 532; x_wconf 82' lang='lat' dir='ltr'>particeps</span> <span class='ocrx_word' id='word_1_14' title='bbox 845 443 1086 529; x_wconf 57' lang='lat' dir='ltr'>inmusitatum</span> <span class='ocrx_word' id='word_1_15' title='bbox 1096 449 1215 513; x_wconf 89' lang='lat' dir='ltr'>nonnisi</span> <span class='ocrx_word' id='word_1_16' title='bbox 1229 449 1450 530; x_wconf 69' lang='lat' dir='ltr'>recooperiri</span> 
     </span>
     <span class='ocr_line' id='line_1_3' title="bbox 283 538 1450 621; baseline -0.003 -19"><span class='ocrx_word' id='word_1_17' title='bbox 283 540 338 603; x_wconf 87' lang='lat' dir='ltr'>iila</span> <span class='ocrx_word' id='word_1_18' title='bbox 357 550 407 602; x_wconf 91' lang='lat' dir='ltr'>ant</span> <span class='ocrx_word' id='word_1_19' title='bbox 430 540 460 600; x_wconf 88' lang='lat' dir='ltr'>in</span> <span class='ocrx_word' id='word_1_20' title='bbox 474 538 571 617; x_wconf 78' lang='lat' dir='ltr'>legem</span> <span class='ocrx_word' id='word_1_21' title='bbox 587 558 702 601; x_wconf 88' lang='lat' dir='ltr'>sacram</span> <span class='ocrx_word' id='word_1_22' title='bbox 722 539 823 603; x_wconf 91' lang='lat' dir='ltr'>autin</span> <span class='ocrx_word' id='word_1_23' title='bbox 842 541 937 602; x_wconf 88' lang='lat' dir='ltr'>bonos</span> <span class='ocrx_word' id='word_1_24' title='bbox 962 557 1058 602; x_wconf 84' lang='lat' dir='ltr'>mores</span> <span class='ocrx_word' id='word_1_25' title='bbox 1076 545 1197 621; x_wconf 61' lang='lat' dir='ltr'>murato</span> <span class='ocrx_word' id='word_1_26' title='bbox 1214 538 1365 616; x_wconf 71' lang='lat' dir='ltr'>laboraret,</span> <span class='ocrx_word' id='word_1_27' title='bbox 1384 558 1450 619; x_wconf 84' lang='lat' dir='ltr'>nsque</span> 
     </span>
     <span class='ocr_line' id='line_1_4' title="bbox 285 625 1450 709; baseline -0.003 -19"><span class='ocrx_word' id='word_1_28' title='bbox 285 630 354 690; x_wconf 82' lang='lat' dir='ltr'>&#39;rium</span> <span class='ocrx_word' id='word_1_29' title='bbox 372 627 548 709; x_wconf 88' lang='lat' dir='ltr'>poenitentia</span> <span class='ocrx_word' id='word_1_30' title='bbox 564 626 594 687; x_wconf 93' lang='lat' dir='ltr'>iu</span> <span class='ocrx_word' id='word_1_31' title='bbox 610 626 685 689; x_wconf 83' lang='lat' dir='ltr'>riam</span> <span class='ocrx_word' id='word_1_32' title='bbox 702 630 842 690; x_wconf 82' lang='lat' dir='ltr'>reductus</span> <span class='ocrx_word' id='word_1_33' title='bbox 861 625 1073 701; x_wconf 70' lang='lat' dir='ltr'><strong>absolveretur,</strong></span> <span class='ocrx_word' id='word_1_34' title='bbox 1098 638 1137 701; x_wconf 87' lang='lat' dir='ltr'>ot,</span> <span class='ocrx_word' id='word_1_35' title='bbox 1163 647 1222 709; x_wconf 91' lang='lat' dir='ltr'>quo</span> <span class='ocrx_word' id='word_1_36' title='bbox 1237 627 1315 708; x_wconf 87' lang='lat' dir='ltr'>prius</span> <span class='ocrx_word' id='word_1_37' title='bbox 1329 625 1450 704; x_wconf 59' lang='lat' dir='ltr'>‘excideret</span> 
     </span>
     <span class='ocr_line' id='line_1_5' title="bbox 282 712 1450 800; baseline -0.003 -23"><span class='ocrx_word' id='word_1_38' title='bbox 282 716 343 800; x_wconf 84' lang='lat' dir='ltr'>juri</span> <span class='ocrx_word' id='word_1_39' title='bbox 367 716 487 798; x_wconf 87' lang='lat' dir='ltr'>antiquo</span> <span class='ocrx_word' id='word_1_40' title='bbox 509 715 720 781; x_wconf 71' lang='lat' dir='ltr'>restitueretur.</span> <span class='ocrx_word' id='word_1_41' title='bbox 772 717 905 778; x_wconf 86' lang='lat' dir='ltr'>Durabat</span> <span class='ocrx_word' id='word_1_42' title='bbox 933 717 1007 779; x_wconf 85' lang='lat' dir='ltr'>baec</span> <span class='ocrx_word' id='word_1_43' title='bbox 1030 714 1343 778; x_wconf 76' lang='lat' dir='ltr'>excommunicationi</span> <span class='ocrx_word' id='word_1_44' title='bbox 1364 712 1450 793; x_wconf 70' lang='lat' dir='ltr'>triginti</span> 
     </span>
     <span class='ocr_line' id='line_1_6' title="bbox 285 800 1449 887; baseline -0.003 -22"><span class='ocrx_word' id='word_1_45' title='bbox 285 804 366 883; x_wconf 80' lang='lat' dir='ltr'>dics,</span> <span class='ocrx_word' id='word_1_46' title='bbox 383 804 409 866; x_wconf 91' lang='lat' dir='ltr'>si</span> <span class='ocrx_word' id='word_1_47' title='bbox 425 803 629 885; x_wconf 80' lang='lat' dir='ltr'>resipisceret,</span> <span class='ocrx_word' id='word_1_48' title='bbox 653 804 700 866; x_wconf 89' lang='lat' dir='ltr'>sin</span> <span class='ocrx_word' id='word_1_49' title='bbox 717 802 831 880; x_wconf 87' lang='lat' dir='ltr'>minus,</span> <span class='ocrx_word' id='word_1_50' title='bbox 852 804 958 867; x_wconf 84' lang='lat' dir='ltr'>iterata</span> <span class='ocrx_word' id='word_1_51' title='bbox 973 805 1104 887; x_wconf 66' lang='lat' dir='ltr'>“eiusdem</span> <span class='ocrx_word' id='word_1_52' title='bbox 1122 802 1281 880; x_wconf 83' lang='lat' dir='ltr'>sententia,</span> <span class='ocrx_word' id='word_1_53' title='bbox 1302 800 1449 883; x_wconf 85' lang='lat' dir='ltr'>peraiimm</span> 
     </span>
     <span class='ocr_line' id='line_1_7' title="bbox 283 888 1449 976; baseline -0.004 -22"><span class='ocrx_word' id='word_1_54' title='bbox 283 893 380 955; x_wconf 77' lang='lat' dir='ltr'>attur</span> <span class='ocrx_word' id='word_1_55' title='bbox 398 892 518 972; x_wconf 75' lang='lat' dir='ltr'>triginta</span> <span class='ocrx_word' id='word_1_56' title='bbox 537 891 649 953; x_wconf 81' lang='lat' dir='ltr'>alierum</span> <span class='ocrx_word' id='word_1_57' title='bbox 665 894 822 955; x_wconf 83' lang='lat' dir='ltr'>decursum</span> <span class='ocrx_word' id='word_1_58' title='bbox 840 909 895 954; x_wconf 90' lang='lat' dir='ltr'>suo</span> <span class='ocrx_word' id='word_1_59' title='bbox 910 893 978 976; x_wconf 73' lang='lat' dir='ltr'>iuro</span> <span class='ocrx_word' id='word_1_60' title='bbox 995 893 1127 974; x_wconf 75' lang='lat' dir='ltr'>privatus</span> <span class='ocrx_word' id='word_1_61' title='bbox 1142 894 1286 953; x_wconf 79' lang='lat' dir='ltr'>manebat.</span> <span class='ocrx_word' id='word_1_62' title='bbox 1310 888 1449 968; x_wconf 73' lang='lat' dir='ltr'>Qumort</span> 
     </span>
     <span class='ocr_line' id='line_1_8' title="bbox 284 975 1449 1062; baseline -0.004 -20"><span class='ocrx_word' id='word_1_63' title='bbox 284 980 400 1061; x_wconf 75' lang='lat' dir='ltr'>frugem</span> <span class='ocrx_word' id='word_1_64' title='bbox 426 984 532 1061; x_wconf 87' lang='lat' dir='ltr'>bonam</span> <span class='ocrx_word' id='word_1_65' title='bbox 557 999 590 1040; x_wconf 90' lang='lat' dir='ltr'>se</span> <span class='ocrx_word' id='word_1_66' title='bbox 612 982 740 1043; x_wconf 82' lang='lat' dir='ltr'>nondum</span> <span class='ocrx_word' id='word_1_67' title='bbox 764 980 924 1062; x_wconf 87' lang='lat' dir='ltr'>reciperet,</span> <span class='ocrx_word' id='word_1_68' title='bbox 950 993 1009 1045; x_wconf 85' lang='lat' dir='ltr'>tum</span> <span class='ocrx_word' id='word_1_69' title='bbox 1034 978 1337 1043; x_wconf 71' lang='lat' dir='ltr'>excommunicationis</span> <span class='ocrx_word' id='word_1_70' title='bbox 1356 975 1449 1057; x_wconf 79' lang='lat' dir='ltr'>najor&#39;o,</span> 
     </span>
     <span class='ocr_line' id='line_1_9' title="bbox 283 1063 1458 1151; baseline -0.005 -22"><span class='ocrx_word' id='word_1_71' title='bbox 283 1076 372 1151; x_wconf 87' lang='lat' dir='ltr'>quam</span> <span class='ocrx_word' id='word_1_72' title='bbox 388 1083 448 1131; x_wconf 62' lang='lat' dir='ltr'>nun</span> <span class='ocrx_word' id='word_1_73' title='bbox 463 1087 569 1129; x_wconf 86' lang='lat' dir='ltr'>vocare</span> <span class='ocrx_word' id='word_1_74' title='bbox 588 1066 739 1148; x_wconf 81' lang='lat' dir='ltr'>solebant,</span> <span class='ocrx_word' id='word_1_75' title='bbox 764 1069 905 1130; x_wconf 82' lang='lat' dir='ltr'>minorem</span> <span class='ocrx_word' id='word_1_76' title='bbox 923 1070 1101 1150; x_wconf 73' lang='lat' dir='ltr'>sequebatur</span> <span class='ocrx_word' id='word_1_77' title='bbox 1116 1068 1277 1142; x_wconf 75' lang='lat' dir='ltr'>sententie,</span> <span class='ocrx_word' id='word_1_78' title='bbox 1298 1086 1365 1147; x_wconf 81' lang='lat' dir='ltr'>quoe</span> <span class='ocrx_word' id='word_1_79' title='bbox 1376 1063 1458 1140; x_wconf 86' lang='lat' dir='ltr'>aion,</span> 
     </span>
     <span class='ocr_line' id='line_1_10' title="bbox 283 1150 1450 1238; baseline -0.004 -21"><span class='ocrx_word' id='word_1_80' title='bbox 283 1174 310 1218; x_wconf 87' lang='lat' dir='ltr'>s.</span> <span class='ocrx_word' id='word_1_81' title='bbox 328 1156 377 1238; x_wconf 89' lang='lat' dir='ltr'>qni</span> <span class='ocrx_word' id='word_1_82' title='bbox 397 1155 486 1217; x_wconf 86' lang='lat' dir='ltr'>rebus</span> <span class='ocrx_word' id='word_1_83' title='bbox 502 1167 683 1236; x_wconf 76' lang='lat' dir='ltr'>praemebat,</span> <span class='ocrx_word' id='word_1_84' title='bbox 698 1156 730 1218; x_wconf 91' lang='lat' dir='ltr'>in</span> <span class='ocrx_word' id='word_1_85' title='bbox 747 1168 930 1237; x_wconf 88' lang='lat' dir='ltr'>peccatorem</span> <span class='ocrx_word' id='word_1_86' title='bbox 948 1156 1106 1231; x_wconf 73' lang='lat' dir='ltr'>irretiatur.</span> <span class='ocrx_word' id='word_1_87' title='bbox 1141 1155 1318 1238; x_wconf 76' lang='lat' dir='ltr'>conjunctos</span> <span class='ocrx_word' id='word_1_88' title='bbox 1331 1150 1450 1213; x_wconf 72' lang='lat' dir='ltr'>ibatne</span> 
     </span>
     <span class='ocr_line' id='line_1_11' title="bbox 282 1239 1450 1326; baseline -0.003 -22"><span class='ocrx_word' id='word_1_89' title='bbox 282 1244 334 1305; x_wconf 83' lang='lat' dir='ltr'>bnt</span> <span class='ocrx_word' id='word_1_90' title='bbox 357 1242 437 1304; x_wconf 84' lang='lat' dir='ltr'>diras</span> <span class='ocrx_word' id='word_1_91' title='bbox 462 1242 681 1306; x_wconf 79' lang='lat' dir='ltr'>maledictiones</span> <span class='ocrx_word' id='word_1_92' title='bbox 707 1253 737 1307; x_wconf 88' lang='lat' dir='ltr'>ct</span> <span class='ocrx_word' id='word_1_93' title='bbox 758 1245 905 1308; x_wconf 79' lang='lat' dir='ltr'>vindictae</span> <span class='ocrx_word' id='word_1_94' title='bbox 936 1245 1052 1307; x_wconf 79' lang='lat' dir='ltr'>divinae</span> <span class='ocrx_word' id='word_1_95' title='bbox 1075 1244 1299 1326; x_wconf 87' lang='lat' dir='ltr'>imprecationes</span> <span class='ocrx_word' id='word_1_96' title='bbox 1323 1239 1450 1302; x_wconf 73' lang='lat' dir='ltr'>boneta</span> 
     </span>
     <span class='ocr_line' id='line_1_12' title="bbox 283 1325 1450 1414; baseline -0.006 -21"><span class='ocrx_word' id='word_1_97' title='bbox 283 1331 450 1393; x_wconf 81' lang='lat' dir='ltr'>Execratus</span> <span class='ocrx_word' id='word_1_98' title='bbox 464 1332 525 1414; x_wconf 87' lang='lat' dir='ltr'>jam</span> <span class='ocrx_word' id='word_1_99' title='bbox 545 1343 607 1394; x_wconf 89' lang='lat' dir='ltr'>erat</span> <span class='ocrx_word' id='word_1_100' title='bbox 625 1332 730 1395; x_wconf 87' lang='lat' dir='ltr'>ceteris</span> <span class='ocrx_word' id='word_1_101' title='bbox 747 1334 892 1413; x_wconf 88' lang='lat' dir='ltr'>omnibus,</span> <span class='ocrx_word' id='word_1_102' title='bbox 913 1332 1085 1396; x_wconf 82' lang='lat' dir='ltr'>aiamiiiari</span> <span class='ocrx_word' id='word_1_103' title='bbox 1103 1355 1168 1396; x_wconf 89' lang='lat' dir='ltr'>cum</span> <span class='ocrx_word' id='word_1_104' title='bbox 1186 1333 1224 1394; x_wconf 91' lang='lat' dir='ltr'>iis</span> <span class='ocrx_word' id='word_1_105' title='bbox 1239 1328 1373 1393; x_wconf 84' lang='lat' dir='ltr'>consortio</span> <span class='ocrx_word' id='word_1_106' title='bbox 1386 1325 1450 1388; x_wconf 83' lang='lat' dir='ltr'>ouri·</span> 
     </span>
     <span class='ocr_line' id='line_1_13' title="bbox 285 1418 1450 1502; baseline -0.003 -22"><span class='ocrx_word' id='word_1_107' title='bbox 285 1440 342 1502; x_wconf 89' lang='lat' dir='ltr'>quc</span> <span class='ocrx_word' id='word_1_108' title='bbox 362 1419 534 1482; x_wconf 90' lang='lat' dir='ltr'>commercio</span> <span class='ocrx_word' id='word_1_109' title='bbox 556 1419 598 1481; x_wconf 88' lang='lat' dir='ltr'>ita</span> <span class='ocrx_word' id='word_1_110' title='bbox 624 1432 768 1499; x_wconf 90' lang='lat' dir='ltr'>remotus,</span> <span class='ocrx_word' id='word_1_111' title='bbox 797 1434 830 1483; x_wconf 92' lang='lat' dir='ltr'>ut</span> <span class='ocrx_word' id='word_1_112' title='bbox 857 1421 905 1502; x_wconf 90' lang='lat' dir='ltr'>qui</span> <span class='ocrx_word' id='word_1_113' title='bbox 923 1422 1063 1483; x_wconf 91' lang='lat' dir='ltr'>rationem</span> <span class='ocrx_word' id='word_1_114' title='bbox 1087 1442 1153 1483; x_wconf 89' lang='lat' dir='ltr'>cnm</span> <span class='ocrx_word' id='word_1_115' title='bbox 1179 1421 1232 1482; x_wconf 87' lang='lat' dir='ltr'>iiio</span> <span class='ocrx_word' id='word_1_116' title='bbox 1251 1418 1334 1480; x_wconf 90' lang='lat' dir='ltr'>iuirct</span> <span class='ocrx_word' id='word_1_117' title='bbox 1355 1427 1397 1479; x_wconf 87' lang='lat' dir='ltr'>aut</span> <span class='ocrx_word' id='word_1_118' title='bbox 1412 1434 1450 1475; x_wconf 80' lang='lat' dir='ltr'>ren</span> 
     </span>
     <span class='ocr_line' id='line_1_14' title="bbox 283 1505 1450 1584; baseline -0.006 -15"><span class='ocrx_word' id='word_1_119' title='bbox 283 1506 375 1570; x_wconf 85' lang='lat' dir='ltr'>uiiam</span> <span class='ocrx_word' id='word_1_120' title='bbox 392 1509 584 1584; x_wconf 83' lang='lat' dir='ltr'>contraheret,</span> <span class='ocrx_word' id='word_1_121' title='bbox 603 1512 704 1571; x_wconf 88' lang='lat' dir='ltr'>eadem</span> <span class='ocrx_word' id='word_1_122' title='bbox 725 1520 872 1571; x_wconf 86' lang='lat' dir='ltr'>teneretur</span> <span class='ocrx_word' id='word_1_123' title='bbox 888 1508 1199 1572; x_wconf 86' lang='lat' dir='ltr'>excommunicationis</span> <span class='ocrx_word' id='word_1_124' title='bbox 1218 1505 1361 1571; x_wconf 77' lang='lat' dir='ltr'>sententia</span> <span class='ocrx_word' id='word_1_125' title='bbox 1387 1505 1450 1583; x_wconf 81' lang='lat' dir='ltr'>itque</span> 
     </span>
     <span class='ocr_line' id='line_1_15' title="bbox 284 1595 1449 1680; baseline -0.003 -22"><span class='ocrx_word' id='word_1_126' title='bbox 284 1598 321 1658; x_wconf 89' lang='lat' dir='ltr'>ob</span> <span class='ocrx_word' id='word_1_127' title='bbox 332 1596 452 1678; x_wconf 76' lang='lat' dir='ltr'>&#39;pristini</span> <span class='ocrx_word' id='word_1_128' title='bbox 467 1595 544 1677; x_wconf 84' lang='lat' dir='ltr'>juris</span> <span class='ocrx_word' id='word_1_129' title='bbox 566 1606 594 1657; x_wconf 91' lang='lat' dir='ltr'>ct</span> <span class='ocrx_word' id='word_1_130' title='bbox 610 1596 823 1659; x_wconf 85' lang='lat' dir='ltr'>communionis</span> <span class='ocrx_word' id='word_1_131' title='bbox 840 1597 1029 1679; x_wconf 83' lang='lat' dir='ltr'>privationem</span> <span class='ocrx_word' id='word_1_132' title='bbox 1046 1611 1168 1680; x_wconf 88' lang='lat' dir='ltr'>uterquc</span> <span class='ocrx_word' id='word_1_133' title='bbox 1189 1597 1343 1668; x_wconf 82' lang='lat' dir='ltr'>dicebatur,</span> <span class='ocrx_word' id='word_1_134' title='bbox 1357 1603 1449 1671; x_wconf 71' lang='lat' dir='ltr'>‚etqua</span> 
     </span>
     <span class='ocr_line' id='line_1_16' title="bbox 282 1670 1449 1765; baseline -0.002 -21"><span class='ocrx_word' id='word_1_135' title='bbox 282 1684 386 1765; x_wconf 85' lang='lat' dir='ltr'>majori</span> <span class='ocrx_word' id='word_1_136' title='bbox 407 1694 435 1745; x_wconf 91' lang='lat' dir='ltr'>et</span> <span class='ocrx_word' id='word_1_137' title='bbox 458 1705 543 1764; x_wconf 90' lang='lat' dir='ltr'>quern</span> <span class='ocrx_word' id='word_1_138' title='bbox 560 1683 664 1746; x_wconf 90' lang='lat' dir='ltr'>minori</span> <span class='ocrx_word' id='word_1_139' title='bbox 684 1685 994 1749; x_wconf 87' lang='lat' dir='ltr'>excommunicationis</span> <span class='ocrx_word' id='word_1_140' title='bbox 1013 1686 1134 1748; x_wconf 77' lang='lat' dir='ltr'>fulmine</span> <span class='ocrx_word' id='word_1_141' title='bbox 1148 1685 1310 1761; x_wconf 83' lang='lat' dir='ltr'>feriebant,</span> <span class='ocrx_word' id='word_1_142' title='bbox 1334 1670 1449 1741; x_wconf 61' lang='lat' dir='ltr'>mormi-</span> 
     </span>
     <span class='ocr_line' id='line_1_17' title="bbox 282 1767 1450 1857; baseline -0.002 -29"><span class='ocrx_word' id='word_1_143' title='bbox 282 1789 388 1853; x_wconf 75' lang='lat' dir='ltr'>pmyoc,</span> <span class='ocrx_word' id='word_1_144' title='bbox 402 1770 478 1853; x_wconf 86' lang='lat' dir='ltr'>juris</span> <span class='ocrx_word' id='word_1_145' title='bbox 496 1770 608 1853; x_wconf 87' lang='lat' dir='ltr'>antiqui</span> <span class='ocrx_word' id='word_1_146' title='bbox 625 1771 760 1835; x_wconf 83' lang='lat' dir='ltr'>libertate</span> <span class='ocrx_word' id='word_1_147' title='bbox 779 1773 820 1835; x_wconf 91' lang='lat' dir='ltr'>ita</span> <span class='ocrx_word' id='word_1_148' title='bbox 835 1773 977 1855; x_wconf 86' lang='lat' dir='ltr'>privatus,</span> <span class='ocrx_word' id='word_1_149' title='bbox 992 1786 1028 1837; x_wconf 90' lang='lat' dir='ltr'>ut</span> <span class='ocrx_word' id='word_1_150' title='bbox 1046 1797 1063 1836; x_wconf 91' lang='lat' dir='ltr'>a</span> <span class='ocrx_word' id='word_1_151' title='bbox 1082 1786 1178 1850; x_wconf 88' lang='lat' dir='ltr'>coetu,</span> <span class='ocrx_word' id='word_1_152' title='bbox 1195 1792 1352 1857; x_wconf 75' lang='lat' dir='ltr'>synagoge,</span> <span class='ocrx_word' id='word_1_153' title='bbox 1368 1767 1450 1830; x_wconf 81' lang='lat' dir='ltr'>unirer·</span> 
     </span>
     <span class='ocr_line' id='line_1_18' title="bbox 283 1851 1449 1943; baseline -0.003 -22"><span class='ocrx_word' id='word_1_154' title='bbox 283 1858 369 1921; x_wconf 87' lang='lat' dir='ltr'>sitatc</span> <span class='ocrx_word' id='word_1_155' title='bbox 388 1872 416 1921; x_wconf 92' lang='lat' dir='ltr'>et</span> <span class='ocrx_word' id='word_1_156' title='bbox 433 1859 559 1921; x_wconf 85' lang='lat' dir='ltr'>ecclesia</span> <span class='ocrx_word' id='word_1_157' title='bbox 577 1879 697 1924; x_wconf 86' lang='lat' dir='ltr'>snorum</span> <span class='ocrx_word' id='word_1_158' title='bbox 716 1874 871 1943; x_wconf 87' lang='lat' dir='ltr'>separatus</span> <span class='ocrx_word' id='word_1_159' title='bbox 888 1862 1005 1924; x_wconf 91' lang='lat' dir='ltr'>nonnisi</span> <span class='ocrx_word' id='word_1_160' title='bbox 1020 1864 1173 1925; x_wconf 77' lang='lat' dir='ltr'>tenendus</span> <span class='ocrx_word' id='word_1_161' title='bbox 1188 1872 1269 1924; x_wconf 87' lang='lat' dir='ltr'>esset</span> <span class='ocrx_word' id='word_1_162' title='bbox 1283 1881 1317 1922; x_wconf 92' lang='lat' dir='ltr'>ac</span> <span class='ocrx_word' id='word_1_163' title='bbox 1332 1877 1388 1921; x_wconf 86' lang='lat' dir='ltr'>rere</span> <span class='ocrx_word' id='word_1_164' title='bbox 1401 1851 1449 1914; x_wconf 73' lang='lat' dir='ltr'>itti</span> 
     </span>
     <span class='ocr_line' id='line_1_19' title="bbox 282 1947 1449 2032; baseline -0.006 -24"><span class='ocrx_word' id='word_1_165' title='bbox 282 1967 345 2009; x_wconf 86' lang='lat' dir='ltr'>sus.</span> <span class='ocrx_word' id='word_1_166' title='bbox 383 1947 460 2009; x_wconf 84' lang='lat' dir='ltr'>Sunt</span> <span class='ocrx_word' id='word_1_167' title='bbox 477 1949 655 2012; x_wconf 88' lang='lat' dir='ltr'>eruditorum</span> <span class='ocrx_word' id='word_1_168' title='bbox 672 1949 807 2013; x_wconf 80' lang='lat' dir='ltr'>uonnuttt</span> <span class='ocrx_word' id='word_1_169' title='bbox 832 1951 882 2032; x_wconf 91' lang='lat' dir='ltr'>qui</span> <span class='ocrx_word' id='word_1_170' title='bbox 907 1954 1023 2013; x_wconf 86' lang='lat' dir='ltr'>duabus</span> <span class='ocrx_word' id='word_1_171' title='bbox 1050 1953 1095 2013; x_wconf 86' lang='lat' dir='ltr'>iris</span> <span class='ocrx_word' id='word_1_172' title='bbox 1111 1952 1189 2031; x_wconf 81' lang='lat' dir='ltr'>apud</span> <span class='ocrx_word' id='word_1_173' title='bbox 1206 1950 1353 2012; x_wconf 90' lang='lat' dir='ltr'>Hebraeos</span> <span class='ocrx_word' id='word_1_174' title='bbox 1367 1960 1449 2006; x_wconf 78' lang='lat' dir='ltr'>excae·</span> 
     </span>
     <span class='ocr_line' id='line_1_20' title="bbox 281 2027 1449 2123; baseline -0.002 -26"><span class='ocrx_word' id='word_1_175' title='bbox 281 2033 490 2098; x_wconf 84' lang='lat' dir='ltr'>mnnicoticnis</span> <span class='ocrx_word' id='word_1_176' title='bbox 508 2036 665 2118; x_wconf 81' lang='lat' dir='ltr'>speciebus</span> <span class='ocrx_word' id='word_1_177' title='bbox 682 2040 794 2101; x_wconf 89' lang='lat' dir='ltr'>tertiam</span> <span class='ocrx_word' id='word_1_178' title='bbox 813 2037 955 2120; x_wconf 76' lang='lat' dir='ltr'>adiiciunt</span> <span class='ocrx_word' id='word_1_179' title='bbox 971 2056 1074 2117; x_wconf 75' lang='lat' dir='ltr'>nunni,</span> <span class='ocrx_word' id='word_1_180' title='bbox 1093 2059 1178 2120; x_wconf 86' lang='lat' dir='ltr'>quarn</span> <span class='ocrx_word' id='word_1_181' title='bbox 1197 2037 1354 2118; x_wconf 76' lang='lat' dir='ltr'>graviorem</span> <span class='ocrx_word' id='word_1_182' title='bbox 1370 2027 1449 2123; x_wconf 61' lang='lat' dir='ltr'>rqifl’b</span> 
     </span>
     <span class='ocr_line' id='line_1_21' title="bbox 280 2115 1450 2208; baseline -0.004 -23"><span class='ocrx_word' id='word_1_183' title='bbox 280 2123 379 2187; x_wconf 80' lang='lat' dir='ltr'>inisse</span> <span class='ocrx_word' id='word_1_184' title='bbox 394 2123 519 2205; x_wconf 87' lang='lat' dir='ltr'>ipsaque</span> <span class='ocrx_word' id='word_1_185' title='bbox 535 2137 626 2188; x_wconf 90' lang='lat' dir='ltr'>morte</span> <span class='ocrx_word' id='word_1_186' title='bbox 643 2139 824 2206; x_wconf 90' lang='lat' dir='ltr'>peccatorem</span> <span class='ocrx_word' id='word_1_187' title='bbox 843 2127 993 2208; x_wconf 83' lang='lat' dir='ltr'>punivisse</span> <span class='ocrx_word' id='word_1_188' title='bbox 1011 2125 1165 2189; x_wconf 82' lang='lat' dir='ltr'>affirmant.</span> <span class='ocrx_word' id='word_1_189' title='bbox 1188 2127 1244 2189; x_wconf 75' lang='lat' dir='ltr'>cui</span> <span class='ocrx_word' id='word_1_190' title='bbox 1261 2115 1450 2198; x_wconf 78' lang='lat' dir='ltr'>tamenopioirtt</span> 
     </span>
     <span class='ocr_line' id='line_1_22' title="bbox 282 2199 1449 2295; baseline -0.003 -21"><span class='ocrx_word' id='word_1_191' title='bbox 282 2230 351 2274; x_wconf 86' lang='lat' dir='ltr'>sese</span> <span class='ocrx_word' id='word_1_192' title='bbox 367 2212 506 2293; x_wconf 89' lang='lat' dir='ltr'>opposcit</span> <span class='ocrx_word' id='word_1_193' title='bbox 522 2213 566 2275; x_wconf 85' lang='lat' dir='ltr'>Jc.</span> <span class='ocrx_word' id='word_1_194' title='bbox 584 2214 732 2277; x_wconf 82' lang='lat' dir='ltr'>Seldenus</span> <span class='ocrx_word' id='word_1_195' title='bbox 748 2219 782 2277; x_wconf 77' lang='lat' dir='ltr'>rte</span> <span class='ocrx_word' id='word_1_196' title='bbox 800 2218 916 2290; x_wconf 71' lang='lat' dir='ltr'>scama.</span> <span class='ocrx_word' id='word_1_197' title='bbox 938 2218 967 2277; x_wconf 90' lang='lat' dir='ltr'>l.</span> <span class='ocrx_word' id='word_1_198' title='bbox 981 2217 1012 2277; x_wconf 85' lang='lat'>7.</span> <span class='ocrx_word' id='word_1_199' title='bbox 1034 2215 1099 2295; x_wconf 92' lang='lat' dir='ltr'>qui,</span> <span class='ocrx_word' id='word_1_200' title='bbox 1124 2217 1191 2275; x_wconf 80' lang='lat' dir='ltr'>darn</span> <span class='ocrx_word' id='word_1_201' title='bbox 1219 2234 1278 2275; x_wconf 88' lang='lat' dir='ltr'>rem</span> <span class='ocrx_word' id='word_1_202' title='bbox 1297 2221 1373 2274; x_wconf 85' lang='lat' dir='ltr'>toten</span> <span class='ocrx_word' id='word_1_203' title='bbox 1386 2199 1449 2266; x_wconf 67' lang='lat' dir='ltr'>suto</span> 
     </span>
     <span class='ocr_line' id='line_1_23' title="bbox 282 2292 1449 2381; baseline -0.005 -18"><span class='ocrx_word' id='word_1_204' title='bbox 282 2300 429 2380; x_wconf 75' lang='lat' dir='ltr'>singulari</span> <span class='ocrx_word' id='word_1_205' title='bbox 456 2298 513 2361; x_wconf 89' lang='lat' dir='ltr'>sibi</span> <span class='ocrx_word' id='word_1_206' title='bbox 540 2301 744 2364; x_wconf 82' lang='lat' dir='ltr'>excutiendam</span> <span class='ocrx_word' id='word_1_207' title='bbox 767 2301 889 2381; x_wconf 87' lang='lat' dir='ltr'>sumsit,</span> <span class='ocrx_word' id='word_1_208' title='bbox 911 2318 969 2365; x_wconf 57' lang='lat' dir='ltr'>*mu</span> <span class='ocrx_word' id='word_1_209' title='bbox 988 2312 1017 2363; x_wconf 91' lang='lat' dir='ltr'>et</span> <span class='ocrx_word' id='word_1_210' title='bbox 1033 2318 1128 2365; x_wconf 77' lang='lat' dir='ltr'>nuum</span> <span class='ocrx_word' id='word_1_211' title='bbox 1147 2292 1449 2374; x_wconf 66' lang='lat' dir='ltr'>circumstrepant</span> 
     </span>
     <span class='ocr_line' id='line_1_24' title="bbox 281 2384 1449 2471; baseline -0.004 -22"><span class='ocrx_word' id='word_1_212' title='bbox 281 2387 378 2449; x_wconf 80' lang='lat' dir='ltr'>fuisse</span> <span class='ocrx_word' id='word_1_213' title='bbox 401 2396 501 2464; x_wconf 77' lang='lat' dir='ltr'>negat.</span> <span class='ocrx_word' id='word_1_214' title='bbox 536 2423 573 2434; x_wconf 91' lang='lat'>-</span> <span class='ocrx_word' id='word_1_215' title='bbox 611 2387 639 2470; x_wconf 63' lang='grc' dir='ltr'>ξ.</span> <span class='ocrx_word' id='word_1_216' title='bbox 662 2390 710 2453; x_wconf 80' lang='lat'>12.</span> <span class='ocrx_word' id='word_1_217' title='bbox 745 2389 831 2451; x_wconf 84' lang='lat' dir='ltr'>Haec</span> <span class='ocrx_word' id='word_1_218' title='bbox 857 2391 893 2451; x_wconf 83' lang='lat' dir='ltr'>de</span> <span class='ocrx_word' id='word_1_219' title='bbox 917 2388 1223 2452; x_wconf 83' lang='lat' dir='ltr'>excommunicatione</span> <span class='ocrx_word' id='word_1_220' title='bbox 1249 2384 1449 2471; x_wconf 72' lang='lat' dir='ltr'>apertione·</span> 
     </span>
     <span class='ocr_line' id='line_1_25' title="bbox 282 2471 1450 2560; baseline -0.005 -25"><span class='ocrx_word' id='word_1_221' title='bbox 282 2477 418 2538; x_wconf 79' lang='lat' dir='ltr'>doctores</span> <span class='ocrx_word' id='word_1_222' title='bbox 434 2494 533 2535; x_wconf 90' lang='lat' dir='ltr'>corum</span> <span class='ocrx_word' id='word_1_223' title='bbox 546 2478 672 2539; x_wconf 83' lang='lat' dir='ltr'>tratum.</span> <span class='ocrx_word' id='word_1_224' title='bbox 695 2476 756 2555; x_wconf 74' lang='lat' dir='ltr'>Qui</span> <span class='ocrx_word' id='word_1_225' title='bbox 772 2476 864 2558; x_wconf 80' lang='lat' dir='ltr'>igitur</span> <span class='ocrx_word' id='word_1_226' title='bbox 879 2495 963 2539; x_wconf 89' lang='lat' dir='ltr'>suam</span> <span class='ocrx_word' id='word_1_227' title='bbox 982 2497 1098 2560; x_wconf 90' lang='lat' dir='ltr'>quoqne</span> <span class='ocrx_word' id='word_1_228' title='bbox 1114 2479 1151 2540; x_wconf 81' lang='lat' dir='ltr'>ab</span> <span class='ocrx_word' id='word_1_229' title='bbox 1168 2477 1208 2540; x_wconf 89' lang='lat' dir='ltr'>iis</span> <span class='ocrx_word' id='word_1_230' title='bbox 1229 2471 1450 2560; x_wconf 78' lang='lat' dir='ltr'>accepissedmnt</span> 
     </span>
     <span class='ocr_line' id='line_1_26' title="bbox 283 2562 1449 2648; baseline -0.009 -25"><span class='ocrx_word' id='word_1_231' title='bbox 283 2562 471 2625; x_wconf 81' lang='lat' dir='ltr'>christianam</span> <span class='ocrx_word' id='word_1_232' title='bbox 490 2562 661 2641; x_wconf 88' lang='lat' dir='ltr'>ecciesinm,</span> <span class='ocrx_word' id='word_1_233' title='bbox 688 2565 708 2627; x_wconf 91' lang='lat' dir='ltr'>ii</span> <span class='ocrx_word' id='word_1_234' title='bbox 726 2566 759 2627; x_wconf 92' lang='lat' dir='ltr'>in</span> <span class='ocrx_word' id='word_1_235' title='bbox 775 2566 958 2629; x_wconf 81' lang='lat' dir='ltr'>anathemate</span> <span class='ocrx_word' id='word_1_236' title='bbox 980 2564 1180 2648; x_wconf 84' lang='lat' dir='ltr'>apostotorum</span> <span class='ocrx_word' id='word_1_237' title='bbox 1200 2578 1351 2647; x_wconf 88' lang='lat' dir='ltr'>utrumque</span> <span class='ocrx_word' id='word_1_238' title='bbox 1366 2574 1449 2623; x_wconf 82' lang='lat' dir='ltr'>exem·</span> 
     </span>
     <span class='ocr_line' id='line_1_27' title="bbox 281 2644 1449 2735; baseline -0.003 -22"><span class='ocrx_word' id='word_1_239' title='bbox 281 2650 491 2714; x_wconf 83' lang='lat' dir='ltr'>muricationis</span> <span class='ocrx_word' id='word_1_240' title='bbox 510 2671 623 2732; x_wconf 79' lang='lat' dir='ltr'>genus,</span> <span class='ocrx_word' id='word_1_241' title='bbox 647 2654 757 2716; x_wconf 82' lang='lat' dir='ltr'>Niddui</span> <span class='ocrx_word' id='word_1_242' title='bbox 775 2654 944 2718; x_wconf 78' lang='lat' dir='ltr'>etcinerem</span> <span class='ocrx_word' id='word_1_243' title='bbox 961 2655 1156 2731; x_wconf 81' lang='lat' dir='ltr'>iudaeorum,</span> <span class='ocrx_word' id='word_1_244' title='bbox 1175 2662 1348 2735; x_wconf 76' lang='lat' dir='ltr'>agnoscunt.</span> <span class='ocrx_word' id='word_1_245' title='bbox 1375 2644 1449 2710; x_wconf 60' lang='lat' dir='ltr'>litim</span> 
     </span>
     <span class='ocr_line' id='line_1_28' title="bbox 282 2729 1449 2824; baseline -0.001 -20"><span class='ocrx_word' id='word_1_246' title='bbox 282 2739 370 2804; x_wconf 87' lang='lat' dir='ltr'>ctiam</span> <span class='ocrx_word' id='word_1_247' title='bbox 387 2744 473 2802; x_wconf 84' lang='lat' dir='ltr'>morlo</span> <span class='ocrx_word' id='word_1_248' title='bbox 491 2740 585 2822; x_wconf 80' lang='lat' dir='ltr'>Syrna</span> <span class='ocrx_word' id='word_1_249' title='bbox 600 2729 636 2803; x_wconf 81' lang='grc' dir='ltr'>τὸ</span> <span class='ocrx_word' id='word_1_250' title='bbox 653 2731 818 2823; x_wconf 78' lang='grc' dir='ltr'>ἀνάθεμα,</span> <span class='ocrx_word' id='word_1_251' title='bbox 844 2745 920 2824; x_wconf 83' lang='lat' dir='ltr'>qood</span> <span class='ocrx_word' id='word_1_252' title='bbox 940 2742 1053 2804; x_wconf 84' lang='lat' dir='ltr'>Paulus</span> <span class='ocrx_word' id='word_1_253' title='bbox 1079 2729 1222 2821; x_wconf 83' lang='lat' dir='ltr'>minatrir,</span> <span class='ocrx_word' id='word_1_254' title='bbox 1247 2764 1298 2823; x_wconf 88' lang='lat' dir='ltr'>per</span> <span class='ocrx_word' id='word_1_255' title='bbox 1314 2743 1449 2803; x_wconf 64' lang='lat' dir='ltr'>bbttmss·</span> 
     </span>
     <span class='ocr_line' id='line_1_29' title="bbox 280 2828 1449 2911; baseline 0.002 -22"><span class='ocrx_word' id='word_1_256' title='bbox 280 2828 380 2909; x_wconf 91' lang='lat' dir='ltr'>ponit,</span> <span class='ocrx_word' id='word_1_257' title='bbox 413 2828 514 2890; x_wconf 85' lang='lat' dir='ltr'>latinis</span> <span class='ocrx_word' id='word_1_258' title='bbox 537 2828 745 2911; x_wconf 85' lang='lat' dir='ltr'>interpretibus</span> <span class='ocrx_word' id='word_1_259' title='bbox 770 2841 829 2893; x_wconf 86' lang='lat' dir='ltr'>tum</span> <span class='ocrx_word' id='word_1_260' title='bbox 856 2831 1004 2894; x_wconf 84' lang='lat' dir='ltr'>veteribus</span> <span class='ocrx_word' id='word_1_261' title='bbox 1030 2839 1091 2892; x_wconf 88' lang='lat' dir='ltr'>tum</span> <span class='ocrx_word' id='word_1_262' title='bbox 1115 2830 1327 2893; x_wconf 84' lang='lat' dir='ltr'>recentioribus</span> <span class='ocrx_word' id='word_1_263' title='bbox 1353 2833 1449 2900; x_wconf 65' lang='lat' dir='ltr'>arom!</span> 
     </span>
     <span class='ocr_line' id='line_1_30' title="bbox 280 2909 1450 3003; baseline -0.005 -24"><span class='ocrx_word' id='word_1_264' title='bbox 280 2934 382 2980; x_wconf 85' lang='lat' dir='ltr'>vocem</span> <span class='ocrx_word' id='word_1_265' title='bbox 400 2917 514 2998; x_wconf 87' lang='lat' dir='ltr'>quoties</span> <span class='ocrx_word' id='word_1_266' title='bbox 534 2919 668 2995; x_wconf 91' lang='lat' dir='ltr'>occurrit,</span> <span class='ocrx_word' id='word_1_267' title='bbox 687 2919 897 2997; x_wconf 80' lang='lat' dir='ltr'>retinentibus,</span> <span class='ocrx_word' id='word_1_268' title='bbox 915 2939 1005 3000; x_wconf 86' lang='lat' dir='ltr'>qnae,</span> <span class='ocrx_word' id='word_1_269' title='bbox 1025 2917 1050 2979; x_wconf 94' lang='lat' dir='ltr'>si</span> <span class='ocrx_word' id='word_1_270' title='bbox 1067 2921 1105 2980; x_wconf 87' lang='lat' dir='ltr'>arl</span> <span class='ocrx_word' id='word_1_271' title='bbox 1122 2939 1171 2995; x_wconf 87' lang='lat' dir='ltr'>ea,</span> <span class='ocrx_word' id='word_1_272' title='bbox 1188 2939 1268 3000; x_wconf 87' lang='lat' dir='ltr'>quac</span> <span class='ocrx_word' id='word_1_273' title='bbox 1282 2920 1316 2978; x_wconf 79' lang='lat' dir='ltr'>de</span> <span class='ocrx_word' id='word_1_274' title='bbox 1337 2909 1450 3003; x_wconf 56' lang='lat' dir='ltr'>Nubit*</span> 
     </span>
     <span class='ocr_line' id='line_1_31' title="bbox 283 2993 1450 3090; baseline -0.015 -22"><span class='ocrx_word' id='word_1_275' title='bbox 283 3007 396 3068; x_wconf 77' lang='lat' dir='ltr'>Gitonem</span> <span class='ocrx_word' id='word_1_276' title='bbox 415 3007 499 3066; x_wconf 86' lang='lat' dir='ltr'>nrodc</span> <span class='ocrx_word' id='word_1_277' title='bbox 517 3002 653 3080; x_wconf 85' lang='lat' dir='ltr'>disserui,</span> <span class='ocrx_word' id='word_1_278' title='bbox 667 3007 726 3090; x_wconf 85' lang='lat' dir='ltr'>jam</span> <span class='ocrx_word' id='word_1_279' title='bbox 745 3007 901 3085; x_wconf 83' lang='lat' dir='ltr'>reserator,</span> <span class='ocrx_word' id='word_1_280' title='bbox 919 3015 947 3069; x_wconf 90' lang='lat' dir='ltr'>et</span> <span class='ocrx_word' id='word_1_281' title='bbox 962 3005 1194 3068; x_wconf 77' lang='lat' dir='ltr'>maledictionem</span> <span class='ocrx_word' id='word_1_282' title='bbox 1211 3026 1237 3071; x_wconf 89' lang='lat' dir='ltr'>s.</span> <span class='ocrx_word' id='word_1_283' title='bbox 1254 3002 1387 3068; x_wconf 78' lang='lat' dir='ltr'>vindictae</span> <span class='ocrx_word' id='word_1_284' title='bbox 1401 2993 1450 3054; x_wconf 84' lang='lat' dir='ltr'>iin-</span> 
     </span>
     <span class='ocr_line' id='line_1_32' title="bbox 246 3082 1450 3177; baseline -0.006 -22"><span class='ocrx_word' id='word_1_285' title='bbox 246 3092 249 3097; x_wconf 77' lang='grc'><strong>’</strong></span> <span class='ocrx_word' id='word_1_286' title='bbox 280 3113 337 3155; x_wconf 85' lang='lat' dir='ltr'>noe</span> <span class='ocrx_word' id='word_1_287' title='bbox 353 3092 592 3174; x_wconf 86' lang='lat' dir='ltr'>imprecationem</span> <span class='ocrx_word' id='word_1_288' title='bbox 608 3104 637 3156; x_wconf 91' lang='lat' dir='ltr'>et</span> <span class='ocrx_word' id='word_1_289' title='bbox 652 3094 883 3177; x_wconf 78' lang='lat' dir='ltr'>separationem,</span> <span class='ocrx_word' id='word_1_290' title='bbox 900 3114 980 3155; x_wconf 87' lang='lat' dir='ltr'>nunc</span> <span class='ocrx_word' id='word_1_291' title='bbox 994 3094 1024 3155; x_wconf 93' lang='lat' dir='ltr'>iu</span> <span class='ocrx_word' id='word_1_292' title='bbox 1044 3092 1159 3171; x_wconf 91' lang='lat' dir='ltr'>minori,</span> <span class='ocrx_word' id='word_1_293' title='bbox 1176 3093 1302 3156; x_wconf 83' lang='lat' dir='ltr'>nuncin</span> <span class='ocrx_word' id='word_1_294' title='bbox 1317 3082 1450 3176; x_wconf 54' lang='lat' dir='ltr'>majorias</span> 
     </span>
     <span class='ocr_line' id='line_1_33' title="bbox 281 3172 1451 3265; baseline 0.003 -23"><span class='ocrx_word' id='word_1_295' title='bbox 281 3181 553 3265; x_wconf 87' lang='lat' dir='ltr'>communicationis</span> <span class='ocrx_word' id='word_1_296' title='bbox 570 3184 666 3261; x_wconf 78' lang='lat' dir='ltr'>gratio</span> <span class='ocrx_word' id='word_1_297' title='bbox 680 3181 868 3261; x_wconf 80' lang='lat' dir='ltr'>significabit,</span> <span class='ocrx_word' id='word_1_298' title='bbox 885 3186 987 3243; x_wconf 83' lang='lat' dir='ltr'>eodem</span> <span class='ocrx_word' id='word_1_299' title='bbox 1003 3182 1092 3263; x_wconf 86' lang='lat' dir='ltr'>piane</span> <span class='ocrx_word' id='word_1_300' title='bbox 1108 3201 1210 3258; x_wconf 86' lang='lat' dir='ltr'>sensu,</span> <span class='ocrx_word' id='word_1_301' title='bbox 1229 3203 1286 3265; x_wconf 87' lang='lat' dir='ltr'>qno</span> <span class='ocrx_word' id='word_1_302' title='bbox 1302 3199 1359 3242; x_wconf 85' lang='lat' dir='ltr'>cau</span> <span class='ocrx_word' id='word_1_303' title='bbox 1373 3172 1451 3245; x_wconf 69' lang='lat' dir='ltr'>arceri</span> 
     </span>
     <span class='ocr_line' id='line_1_34' title="bbox 279 3256 1450 3353; baseline -0.003 -24"><span class='ocrx_word' id='word_1_304' title='bbox 279 3267 467 3349; x_wconf 78' lang='lat' dir='ltr'>Hesychius,</span> <span class='ocrx_word' id='word_1_305' title='bbox 491 3267 541 3349; x_wconf 92' lang='lat' dir='ltr'>qui</span> <span class='ocrx_word' id='word_1_306' title='bbox 561 3289 613 3348; x_wconf 88' lang='lat' dir='ltr'>per</span> <span class='ocrx_word' id='word_1_307' title='bbox 629 3256 787 3347; x_wconf 64' lang='grc' dir='ltr'>ἐπάρατον</span> <span class='ocrx_word' id='word_1_308' title='bbox 809 3280 837 3331; x_wconf 89' lang='lat' dir='ltr'>et</span> <span class='ocrx_word' id='word_1_309' title='bbox 852 3260 1062 3349; x_wconf 76' lang='grc' dir='ltr'><strong><em>ἀκοινώνητον</em></strong></span> <span class='ocrx_word' id='word_1_310' title='bbox 1084 3280 1112 3333; x_wconf 90' lang='lat' dir='ltr'>et</span> <span class='ocrx_word' id='word_1_311' title='bbox 1133 3274 1308 3334; x_wconf 76' lang='lat' dir='ltr'>muiedictnm</span> <span class='ocrx_word' id='word_1_312' title='bbox 1326 3274 1450 3353; x_wconf 38' lang='lat' dir='ltr'>mossur,</span> 
     </span>
     <span class='ocr_line' id='line_1_35' title="bbox 279 3354 1449 3437; baseline -0.003 -20"><span class='ocrx_word' id='word_1_313' title='bbox 279 3361 363 3417; x_wconf 87' lang='lat' dir='ltr'>nionc</span> <span class='ocrx_word' id='word_1_314' title='bbox 383 3362 523 3436; x_wconf 78' lang='lat' dir='ltr'>privatum</span> <span class='ocrx_word' id='word_1_315' title='bbox 548 3377 611 3417; x_wconf 86' lang='lat' dir='ltr'>eam</span> <span class='ocrx_word' id='word_1_316' title='bbox 637 3354 771 3417; x_wconf 83' lang='lat' dir='ltr'>reddidit.</span> <span class='ocrx_word' id='word_1_317' title='bbox 817 3357 854 3419; x_wconf 81' lang='lat' dir='ltr'>Et</span> <span class='ocrx_word' id='word_1_318' title='bbox 879 3357 969 3437; x_wconf 76' lang='lat' dir='ltr'>Hugo</span> <span class='ocrx_word' id='word_1_319' title='bbox 996 3357 1117 3428; x_wconf 83' lang='lat' dir='ltr'>Grotius</span> <span class='ocrx_word' id='word_1_320' title='bbox 1141 3361 1178 3421; x_wconf 83' lang='lat' dir='ltr'>nd</span> <span class='ocrx_word' id='word_1_321' title='bbox 1202 3360 1280 3420; x_wconf 85' lang='lat' dir='ltr'>bunc</span> <span class='ocrx_word' id='word_1_322' title='bbox 1303 3357 1401 3426; x_wconf 81' lang='lat' dir='ltr'>iocum,</span> <span class='ocrx_word' id='word_1_323' title='bbox 1417 3359 1449 3422; x_wconf 63' lang='grc' dir='ltr'><em>Ψ</em></span> 
     </span>
     <span class='ocr_line' id='line_1_36' title="bbox 276 3436 1450 3522; baseline 0.002 -21"><span class='ocrx_word' id='word_1_324' title='bbox 276 3439 452 3505; x_wconf 74' lang='lat' dir='ltr'>babetur&#39;in</span> <span class='ocrx_word' id='word_1_325' title='bbox 467 3442 520 3504; x_wconf 80' lang='lat' dir='ltr'>itta</span> <span class='ocrx_word' id='word_1_326' title='bbox 536 3446 572 3506; x_wconf 84' lang='lat' dir='ltr'>ad</span> <span class='ocrx_word' id='word_1_327' title='bbox 593 3446 732 3508; x_wconf 82' lang='lat' dir='ltr'>Goiutuo:</span> <span class='ocrx_word' id='word_1_328' title='bbox 750 3436 912 3521; x_wconf 67' lang='grc' dir='ltr'>Ἀνάθερα</span> <span class='ocrx_word' id='word_1_329' title='bbox 927 3444 1017 3522; x_wconf 82' lang='grc' dir='ltr'><em>ἔστω,</em></span> <span class='ocrx_word' id='word_1_330' title='bbox 1033 3463 1092 3510; x_wconf 68' lang='lat' dir='ltr'>uun</span> <span class='ocrx_word' id='word_1_331' title='bbox 1108 3461 1156 3509; x_wconf 60' lang='lat' dir='ltr'>*nn</span> <span class='ocrx_word' id='word_1_332' title='bbox 1171 3454 1209 3509; x_wconf 89' lang='lat' dir='ltr'>sit</span> <span class='ocrx_word' id='word_1_333' title='bbox 1226 3451 1342 3521; x_wconf 76' lang='lat' dir='ltr'>tiberem,</span> <span class='ocrx_word' id='word_1_334' title='bbox 1358 3448 1400 3503; x_wconf 79' lang='lat' dir='ltr'>it·</span> <span class='ocrx_word' id='word_1_335' title='bbox 1410 3447 1450 3494; x_wconf 64' lang='lat' dir='ltr'>bt!</span> 
     </span>
     <span class='ocr_line' id='line_1_37' title="bbox 148 3522 1450 3617; baseline 0.008 -29"><span class='ocrx_word' id='word_1_336' title='bbox 148 3578 160 3588; x_wconf 86' lang='lat'><em>.</em></span> <span class='ocrx_word' id='word_1_337' title='bbox 279 3554 310 3594; x_wconf 89' lang='lat' dir='ltr'>eo</span> <span class='ocrx_word' id='word_1_338' title='bbox 328 3534 398 3593; x_wconf 82' lang='lat' dir='ltr'>otttt</span> <span class='ocrx_word' id='word_1_339' title='bbox 414 3534 493 3594; x_wconf 82' lang='lat' dir='ltr'>nobis</span> <span class='ocrx_word' id='word_1_340' title='bbox 509 3539 547 3594; x_wconf 85' lang='lat' dir='ltr'>rit</span> <span class='ocrx_word' id='word_1_341' title='bbox 562 3538 730 3612; x_wconf 79' lang='lat' dir='ltr'>commercii,</span> <span class='ocrx_word' id='word_1_342' title='bbox 746 3554 802 3595; x_wconf 89' lang='lat' dir='ltr'>noa</span> <span class='ocrx_word' id='word_1_343' title='bbox 818 3539 923 3613; x_wconf 78' lang='lat' dir='ltr'>muqis,</span> <span class='ocrx_word' id='word_1_344' title='bbox 949 3553 1033 3616; x_wconf 85' lang='lat' dir='ltr'>quum</span> <span class='ocrx_word' id='word_1_345' title='bbox 1047 3556 1108 3595; x_wconf 87' lang='lat' dir='ltr'>cam</span> <span class='ocrx_word' id='word_1_346' title='bbox 1125 3540 1178 3609; x_wconf 86' lang='lat' dir='ltr'>iis,</span> <span class='ocrx_word' id='word_1_347' title='bbox 1203 3557 1271 3617; x_wconf 79' lang='lat' dir='ltr'>qnos</span> <span class='ocrx_word' id='word_1_348' title='bbox 1289 3522 1450 3609; x_wconf 55' lang='lat' dir='ltr'>restantem¹</span> 
     </span>
     <span class='ocr_line' id='line_1_38' title="bbox 279 3615 1449 3704; baseline -0.002 -23"><span class='ocrx_word' id='word_1_349' title='bbox 279 3622 394 3683; x_wconf 80' lang='lat' dir='ltr'>accinctu</span> <span class='ocrx_word' id='word_1_350' title='bbox 418 3627 527 3701; x_wconf 81' lang='lat' dir='ltr'>penitus</span> <span class='ocrx_word' id='word_1_351' title='bbox 552 3623 677 3704; x_wconf 73' lang='lat' dir='ltr'>abscidit.</span> <span class='ocrx_word' id='word_1_352' title='bbox 703 3619 801 3700; x_wconf 36' lang='lat' dir='ltr'>,Idem</span> <span class='ocrx_word' id='word_1_353' title='bbox 818 3622 970 3685; x_wconf 82' lang='lat' dir='ltr'>dicendum</span> <span class='ocrx_word' id='word_1_354' title='bbox 991 3624 1027 3699; x_wconf 72' lang='lat' dir='ltr'>rie</span> <span class='ocrx_word' id='word_1_355' title='bbox 1046 3620 1251 3697; x_wconf 64' lang='lat' dir='ltr'>inathemate,</span> <span class='ocrx_word' id='word_1_356' title='bbox 1275 3620 1322 3683; x_wconf 91' lang='lat' dir='ltr'>cui</span> <span class='ocrx_word' id='word_1_357' title='bbox 1342 3615 1449 3695; x_wconf 64' lang='lat' dir='ltr'>adjecto!</span> 
     </span>
     <span class='ocr_line' id='line_1_39' title="bbox 278 3692 1449 3791; baseline -0.001 -24"><span class='ocrx_word' id='word_1_358' title='bbox 278 3698 380 3790; x_wconf 71' lang='lat' dir='ltr'>propior</span> <span class='ocrx_word' id='word_1_359' title='bbox 394 3696 480 3785; x_wconf 65' lang='lat' dir='ltr'>ribei,</span> <span class='ocrx_word' id='word_1_360' title='bbox 504 3708 636 3791; x_wconf 83' lang='lat' dir='ltr'>quamvis</span> <span class='ocrx_word' id='word_1_361' title='bbox 657 3709 756 3772; x_wconf 83' lang='lat' dir='ltr'>variae</span> <span class='ocrx_word' id='word_1_362' title='bbox 772 3708 832 3771; x_wconf 91' lang='lat' dir='ltr'>sint</span> <span class='ocrx_word' id='word_1_363' title='bbox 851 3720 879 3773; x_wconf 90' lang='lat' dir='ltr'>et</span> <span class='ocrx_word' id='word_1_364' title='bbox 895 3710 1028 3772; x_wconf 81' lang='lat' dir='ltr'>diversae</span> <span class='ocrx_word' id='word_1_365' title='bbox 1047 3719 1176 3773; x_wconf 85' lang='lat' dir='ltr'>veterum</span> <span class='ocrx_word' id='word_1_366' title='bbox 1200 3719 1229 3772; x_wconf 88' lang='lat' dir='ltr'>et</span> <span class='ocrx_word' id='word_1_367' title='bbox 1244 3692 1449 3772; x_wconf 70' lang='lat' dir='ltr'>reserenari</span> 
     </span>
     <span class='ocr_line' id='line_1_40' title="bbox 279 3786 1449 3873; baseline 0.004 -17"><span class='ocrx_word' id='word_1_368' title='bbox 279 3815 315 3856; x_wconf 90' lang='lat' dir='ltr'>co</span> <span class='ocrx_word' id='word_1_369' title='bbox 332 3794 505 3860; x_wconf 88' lang='lat' dir='ltr'>sententiae.</span> <span class='ocrx_word' id='word_1_370' title='bbox 549 3799 613 3860; x_wconf 88' lang='lat' dir='ltr'>Nec</span> <span class='ocrx_word' id='word_1_371' title='bbox 630 3797 688 3859; x_wconf 84' lang='lat' dir='ltr'>aiio</span> <span class='ocrx_word' id='word_1_372' title='bbox 707 3816 799 3859; x_wconf 86' lang='lat' dir='ltr'>sensu</span> <span class='ocrx_word' id='word_1_373' title='bbox 817 3797 847 3858; x_wconf 91' lang='lat' dir='ltr'>in</span> <span class='ocrx_word' id='word_1_374' title='bbox 871 3798 942 3860; x_wconf 79' lang='lat' dir='ltr'>iure</span> <span class='ocrx_word' id='word_1_375' title='bbox 961 3797 1112 3861; x_wconf 77' lang='lat' dir='ltr'>canonico</span> <span class='ocrx_word' id='word_1_376' title='bbox 1133 3800 1233 3861; x_wconf 84' lang='lat' dir='ltr'>cariem</span> <span class='ocrx_word' id='word_1_377' title='bbox 1259 3817 1331 3873; x_wconf 84' lang='lat' dir='ltr'>rox,</span> <span class='ocrx_word' id='word_1_378' title='bbox 1353 3786 1400 3852; x_wconf 62' lang='lat'>1¹5⁸?</span> <span class='ocrx_word' id='word_1_379' title='bbox 1415 3796 1449 3861; x_wconf 84' lang='lat' dir='ltr'>prs</span> 
     </span>
     <span class='ocr_line' id='line_1_41' title="bbox 279 3869 1449 3969; baseline -0.008 -25"><span class='ocrx_word' id='word_1_380' title='bbox 279 3883 590 3962; x_wconf 80' lang='lat' dir='ltr'>excommunicatione,</span> <span class='ocrx_word' id='word_1_381' title='bbox 609 3885 712 3947; x_wconf 88' lang='lat' dir='ltr'>saltem</span> <span class='ocrx_word' id='word_1_382' title='bbox 730 3885 858 3967; x_wconf 85' lang='lat' dir='ltr'>majore,</span> <span class='ocrx_word' id='word_1_383' title='bbox 878 3906 965 3968; x_wconf 88' lang='lat' dir='ltr'>quam</span> <span class='ocrx_word' id='word_1_384' title='bbox 983 3897 1105 3964; x_wconf 88' lang='lat' dir='ltr'>rorant,</span> <span class='ocrx_word' id='word_1_385' title='bbox 1122 3879 1291 3969; x_wconf 81' lang='lat' dir='ltr'>usurpatur.</span> <span class='ocrx_word' id='word_1_386' title='bbox 1327 3869 1449 3944; x_wconf 72' lang='lat' dir='ltr'>cincto</span> 
     </span>
     <span class='ocr_line' id='line_1_42' title="bbox 278 3970 1450 4053; baseline 0.004 -22"><span class='ocrx_word' id='word_1_387' title='bbox 278 3970 364 4032; x_wconf 81' lang='lat' dir='ltr'>docet</span> <span class='ocrx_word' id='word_1_388' title='bbox 380 3970 424 4033; x_wconf 81' lang='lat' dir='ltr'>Jo.</span> <span class='ocrx_word' id='word_1_389' title='bbox 440 3970 525 4033; x_wconf 88' lang='lat' dir='ltr'>Pani.</span> <span class='ocrx_word' id='word_1_390' title='bbox 544 3972 751 4051; x_wconf 86' lang='lat' dir='ltr'>Lanceilotus,</span> <span class='ocrx_word' id='word_1_391' title='bbox 776 3975 892 4053; x_wconf 87' lang='lat' dir='ltr'>quando</span> <span class='ocrx_word' id='word_1_392' title='bbox 911 3981 1224 4037; x_wconf 68' lang='lat' dir='ltr'>excommunicationum</span> <span class='ocrx_word' id='word_1_393' title='bbox 1248 3977 1320 4035; x_wconf 82' lang='lat' dir='ltr'>dane</span> <span class='ocrx_word' id='word_1_394' title='bbox 1337 3974 1450 4036; x_wconf 55' lang='lat' dir='ltr'>mmm</span> 
     </span>
     <span class='ocr_line' id='line_1_43' title="bbox 279 4047 1449 4139; baseline 0.003 -18"><span class='ocrx_word' id='word_1_395' title='bbox 279 4065 343 4139; x_wconf 82' lang='lat' dir='ltr'>rice,</span> <span class='ocrx_word' id='word_1_396' title='bbox 361 4058 473 4136; x_wconf 87' lang='lat' dir='ltr'>scribit,</span> <span class='ocrx_word' id='word_1_397' title='bbox 492 4067 583 4123; x_wconf 86' lang='lat' dir='ltr'>minor</span> <span class='ocrx_word' id='word_1_398' title='bbox 597 4064 699 4122; x_wconf 84' lang='lat' dir='ltr'>aciiioct</span> <span class='ocrx_word' id='word_1_399' title='bbox 716 4072 741 4122; x_wconf 87' lang='lat' dir='ltr'>et</span> <span class='ocrx_word' id='word_1_400' title='bbox 755 4063 857 4139; x_wconf 73' lang='lat' dir='ltr'>moini.</span> <span class='ocrx_word' id='word_1_401' title='bbox 900 4068 978 4124; x_wconf 80' lang='lat' dir='ltr'>Boeo</span> <span class='ocrx_word' id='word_1_402' title='bbox 995 4065 1053 4125; x_wconf 78' lang='lat' dir='ltr'>ubo</span> <span class='ocrx_word' id='word_1_403' title='bbox 1071 4069 1181 4125; x_wconf 79' lang='lat' dir='ltr'>nominc</span> <span class='ocrx_word' id='word_1_404' title='bbox 1195 4065 1340 4125; x_wconf 73' lang='lat' dir='ltr'>ammom</span> <span class='ocrx_word' id='word_1_405' title='bbox 1353 4047 1449 4135; x_wconf 50' lang='lat' dir='ltr'>stiffi·</span> 
     </span>
     <span class='ocr_line' id='line_1_44' title="bbox 277 4128 1450 4232; baseline 0.001 -23"><span class='ocrx_word' id='word_1_406' title='bbox 277 4157 333 4225; x_wconf 84' lang='lat' dir='ltr'>trrr,</span> <span class='ocrx_word' id='word_1_407' title='bbox 359 4152 390 4209; x_wconf 89' lang='lat' dir='ltr'>in</span> <span class='ocrx_word' id='word_1_408' title='bbox 408 4151 631 4210; x_wconf 80' lang='lat' dir='ltr'>institutionibus</span> <span class='ocrx_word' id='word_1_409' title='bbox 649 4154 730 4210; x_wconf 82' lang='lat' dir='ltr'>Joris</span> <span class='ocrx_word' id='word_1_410' title='bbox 747 4152 880 4211; x_wconf 79' lang='lat' dir='ltr'>Gouraioi</span> <span class='ocrx_word' id='word_1_411' title='bbox 906 4152 985 4213; x_wconf 83' lang='lat' dir='ltr'>Libr.</span> <span class='ocrx_word' id='word_1_412' title='bbox 1000 4156 1054 4212; x_wconf 84' lang='lat' dir='ltr'>IV.</span> <span class='ocrx_word' id='word_1_413' title='bbox 1076 4156 1133 4213; x_wconf 73' lang='lat' dir='ltr'>uta</span> <span class='ocrx_word' id='word_1_414' title='bbox 1148 4158 1237 4213; x_wconf 82' lang='grc' dir='ltr'><strong><em>ΧΙΠ.</em></strong></span> <span class='ocrx_word' id='word_1_415' title='bbox 1253 4147 1282 4232; x_wconf 82' lang='lat'>§.</span> <span class='ocrx_word' id='word_1_416' title='bbox 1302 4150 1328 4211; x_wconf 91' lang='grc'>1.</span> <span class='ocrx_word' id='word_1_417' title='bbox 1341 4153 1368 4225; x_wconf 61' lang='lat' dir='ltr'>pl*</span> <span class='ocrx_word' id='word_1_418' title='bbox 1387 4128 1450 4199; x_wconf 72' lang='lat'><strong>¹⁰¹3·</strong></span> 
     </span>
     <span class='ocr_line' id='line_1_45' title="bbox 278 4229 1450 4324; baseline -0.001 -26"><span class='ocrx_word' id='word_1_419' title='bbox 278 4272 318 4285; x_wconf 91' lang='lat'><em>-</em></span> <span class='ocrx_word' id='word_1_420' title='bbox 345 4233 373 4318; x_wconf 65' lang='grc' dir='ltr'>ξ.</span> <span class='ocrx_word' id='word_1_421' title='bbox 392 4236 442 4299; x_wconf 84' lang='grc'>13.</span> <span class='ocrx_word' id='word_1_422' title='bbox 466 4234 591 4298; x_wconf 87' lang='lat' dir='ltr'>Multum</span> <span class='ocrx_word' id='word_1_423' title='bbox 608 4236 704 4298; x_wconf 85' lang='lat' dir='ltr'>adbuc</span> <span class='ocrx_word' id='word_1_424' title='bbox 720 4235 835 4300; x_wconf 90' lang='lat' dir='ltr'>roboris</span> <span class='ocrx_word' id='word_1_425' title='bbox 852 4249 958 4300; x_wconf 81' lang='lat' dir='ltr'>eorum</span> <span class='ocrx_word' id='word_1_426' title='bbox 971 4237 1278 4313; x_wconf 83' lang='lat' dir='ltr'>sententiaeaccedit,</span> <span class='ocrx_word' id='word_1_427' title='bbox 1302 4229 1450 4324; x_wconf 41' lang='lat' dir='ltr'>quantity</span> 
     </span>
     <span class='ocr_line' id='line_1_46' title="bbox 276 4316 1451 4413; baseline 0 -30"><span class='ocrx_word' id='word_1_428' title='bbox 276 4322 423 4404; x_wconf 75' lang='lat' dir='ltr'>gitnmus,</span> <span class='ocrx_word' id='word_1_429' title='bbox 454 4344 529 4406; x_wconf 90' lang='lat' dir='ltr'>quae</span> <span class='ocrx_word' id='word_1_430' title='bbox 553 4344 670 4403; x_wconf 88' lang='lat' dir='ltr'>eornm,</span> <span class='ocrx_word' id='word_1_431' title='bbox 703 4324 810 4405; x_wconf 90' lang='lat' dir='ltr'>quibus</span> <span class='ocrx_word' id='word_1_432' title='bbox 840 4325 1110 4389; x_wconf 77' lang='lat' dir='ltr'>excommunicandi</span> <span class='ocrx_word' id='word_1_433' title='bbox 1135 4335 1264 4407; x_wconf 85' lang='lat' dir='ltr'>potestas</span> <span class='ocrx_word' id='word_1_434' title='bbox 1286 4325 1314 4384; x_wconf 90' lang='lat' dir='ltr'>in</span> <span class='ocrx_word' id='word_1_435' title='bbox 1339 4316 1451 4413; x_wconf 55' lang='lat' dir='ltr'>prilfiii</span> 
     </span>
     <span class='ocr_line' id='line_1_47' title="bbox 277 4403 1450 4497; baseline -0.003 -25"><span class='ocrx_word' id='word_1_436' title='bbox 277 4409 405 4474; x_wconf 88' lang='lat' dir='ltr'>ecclesia</span> <span class='ocrx_word' id='word_1_437' title='bbox 422 4412 620 4494; x_wconf 85' lang='lat' dir='ltr'>competebat,</span> <span class='ocrx_word' id='word_1_438' title='bbox 639 4411 728 4475; x_wconf 86' lang='lat' dir='ltr'>fucrit</span> <span class='ocrx_word' id='word_1_439' title='bbox 745 4413 898 4477; x_wconf 75' lang='lat' dir='ltr'>conditioi</span> <span class='ocrx_word' id='word_1_440' title='bbox 924 4415 1018 4478; x_wconf 80' lang='lat' dir='ltr'>Erant</span> <span class='ocrx_word' id='word_1_441' title='bbox 1034 4414 1159 4497; x_wconf 83' lang='lat' dir='ltr'>apostoli</span> <span class='ocrx_word' id='word_1_442' title='bbox 1177 4425 1207 4476; x_wconf 89' lang='lat' dir='ltr'>et</span> <span class='ocrx_word' id='word_1_443' title='bbox 1220 4408 1322 4493; x_wconf 78' lang='lat' dir='ltr'>reliqui</span> <span class='ocrx_word' id='word_1_444' title='bbox 1338 4428 1372 4470; x_wconf 88' lang='lat' dir='ltr'>ex</span> <span class='ocrx_word' id='word_1_445' title='bbox 1384 4403 1450 4462; x_wconf 78' lang='lat' dir='ltr'>tuot·</span> 
     </span>
     <span class='ocr_line' id='line_1_48' title="bbox 162 4496 1450 4584; baseline 0 -21"><span class='ocrx_word' id='word_1_446' title='bbox 162 4559 166 4563; x_wconf 86' lang='lat'><em>.</em></span> <span class='ocrx_word' id='word_1_447' title='bbox 275 4496 367 4579; x_wconf 86' lang='lat' dir='ltr'>pulis,</span> <span class='ocrx_word' id='word_1_448' title='bbox 378 4520 451 4580; x_wconf 89' lang='lat' dir='ltr'>quos</span> <span class='ocrx_word' id='word_1_449' title='bbox 468 4501 520 4584; x_wconf 87' lang='lat' dir='ltr'>per</span> <span class='ocrx_word' id='word_1_450' title='bbox 537 4500 706 4580; x_wconf 78' lang='lat' dir='ltr'>universum</span> <span class='ocrx_word' id='word_1_451' title='bbox 722 4511 865 4568; x_wconf 84' lang='lat' dir='ltr'>terrorum</span> <span class='ocrx_word' id='word_1_452' title='bbox 882 4503 1105 4576; x_wconf 84' lang='lat' dir='ltr'>orbemmissos</span> <span class='ocrx_word' id='word_1_453' title='bbox 1121 4522 1198 4568; x_wconf 85' lang='lat' dir='ltr'>suae</span> <span class='ocrx_word' id='word_1_454' title='bbox 1209 4498 1355 4573; x_wconf 72' lang='lat' dir='ltr'>immane</span> <span class='ocrx_word' id='word_1_455' title='bbox 1369 4498 1450 4562; x_wconf 61' lang='lat' dir='ltr'>mii*</span> 
     </span>
    </p>
   </div>
   <div class='ocr_carea' id='block_1_3' title="bbox 0 0 1538 5075">
    <p class='ocr_par' dir='ltr' id='par_1_3' title="bbox 0 0 1538 5075">
     <span class='ocr_line' id='line_1_49' title="bbox 0 0 1538 5075; baseline 0 0"><span class='ocrx_word' id='word_1_456' title='bbox 0 0 1538 5075; x_wconf 95' lang='lat' dir='ltr'> </span> 
     </span>
    </p>
   </div>
  </div>
 </body>
</html>
