<?xml version="1.0" encoding="UTF-8"?>
<!DOCTYPE html PUBLIC "-//W3C//DTD XHTML 1.0 Transitional//EN"
    "http://www.w3.org/TR/xhtml1/DTD/xhtml1-transitional.dtd">
<html xmlns="http://www.w3.org/1999/xhtml" xml:lang="en" lang="en">
 <head>
  <title>
</title>
<meta http-equiv="Content-Type" content="text/html;charset=utf-8" />
  <meta name='ocr-system' content='tesseract 3.04.00' />
  <meta name='ocr-capabilities' content='ocr_page ocr_carea ocr_par ocr_line ocrx_word'/>
</head>
<body>
  <div class='ocr_page' id='page_1' title='image "./thesauruscommen02volbgoog_0276.png"; bbox 0 0 3067 5075; ppageno 0'>
   <div class='ocr_carea' id='block_1_1' title="bbox 286 226 1101 353">
    <p class='ocr_par' dir='ltr' id='par_1_1' title="bbox 286 226 1101 353">
     <span class='ocr_line' id='line_1_1' title="bbox 286 226 1101 353; baseline -0.004 -19"><span class='ocrx_word' id='word_1_1' title='bbox 286 268 355 334; x_wconf 75' lang='lat' dir='ltr'>aas</span> <span class='ocrx_word' id='word_1_2' title='bbox 462 330 467 333; x_wconf 79' lang='grc'>.</span> <span class='ocrx_word' id='word_1_3' title='bbox 620 226 623 236; x_wconf 70' lang='grc'>’</span> <span class='ocrx_word' id='word_1_4' title='bbox 711 269 823 335; x_wconf 78' lang='lat' dir='ltr'>nuru.</span> <span class='ocrx_word' id='word_1_5' title='bbox 854 268 964 336; x_wconf 74' lang='lat' dir='ltr'>cren</span> <span class='ocrx_word' id='word_1_6' title='bbox 980 264 1101 353; x_wconf 70' lang='lat' dir='ltr'>noya·</span> 
     </span>
    </p>
   </div>
   <div class='ocr_carea' id='block_1_2' title="bbox 232 443 1449 2023">
    <p class='ocr_par' dir='ltr' id='par_1_2' title="bbox 232 443 1449 2023">
     <span class='ocr_line' id='line_1_2' title="bbox 286 443 1448 527; baseline 0 -19"><span class='ocrx_word' id='word_1_7' title='bbox 286 445 386 509; x_wconf 78' lang='lat' dir='ltr'>delini</span> <span class='ocrx_word' id='word_1_8' title='bbox 401 444 562 527; x_wconf 63' lang='lat' dir='ltr'>presiate,</span> <span class='ocrx_word' id='word_1_9' title='bbox 586 444 655 527; x_wconf 88' lang='lat' dir='ltr'>quid</span> <span class='ocrx_word' id='word_1_10' title='bbox 676 444 847 508; x_wconf 73' lang='lat' dir='ltr'>sudlucere</span> <span class='ocrx_word' id='word_1_11' title='bbox 870 445 1007 526; x_wconf 72' lang='lat' dir='ltr'>singulos</span> <span class='ocrx_word' id='word_1_12' title='bbox 1031 454 1083 508; x_wconf 87' lang='lat' dir='ltr'>aut</span> <span class='ocrx_word' id='word_1_13' title='bbox 1099 445 1182 507; x_wconf 83' lang='lat' dir='ltr'>inere</span> <span class='ocrx_word' id='word_1_14' title='bbox 1200 443 1347 524; x_wconf 69' lang='lat' dir='ltr'>opertum,</span> <span class='ocrx_word' id='word_1_15' title='bbox 1369 465 1448 509; x_wconf 68' lang='lat' dir='ltr'>seete</span> 
     </span>
     <span class='ocr_line' id='line_1_3' title="bbox 287 533 1449 615; baseline -0.003 -20"><span class='ocrx_word' id='word_1_16' title='bbox 287 537 356 596; x_wconf 88' lang='lat' dir='ltr'>dnm</span> <span class='ocrx_word' id='word_1_17' title='bbox 373 554 517 597; x_wconf 86' lang='lat' dir='ltr'>canonum</span> <span class='ocrx_word' id='word_1_18' title='bbox 534 533 664 614; x_wconf 75' lang='lat' dir='ltr'>rigorem</span> <span class='ocrx_word' id='word_1_19' title='bbox 691 554 803 615; x_wconf 83' lang='lat' dir='ltr'>poenae</span> <span class='ocrx_word' id='word_1_20' title='bbox 826 533 892 596; x_wconf 90' lang='lat' dir='ltr'>loco</span> <span class='ocrx_word' id='word_1_21' title='bbox 908 534 1063 597; x_wconf 80' lang='lat' dir='ltr'>indiceret.</span> <span class='ocrx_word' id='word_1_22' title='bbox 1106 533 1172 595; x_wconf 84' lang='lat' dir='ltr'>Nou</span> <span class='ocrx_word' id='word_1_23' title='bbox 1196 533 1244 593; x_wconf 87' lang='lat' dir='ltr'>din</span> <span class='ocrx_word' id='word_1_24' title='bbox 1266 543 1350 595; x_wconf 66' lang='lat' dir='ltr'>tanen</span> <span class='ocrx_word' id='word_1_25' title='bbox 1366 533 1449 595; x_wconf 82' lang='lat' dir='ltr'>durarit</span> 
     </span>
     <span class='ocr_line' id='line_1_4' title="bbox 285 619 1447 703; baseline -0.003 -19"><span class='ocrx_word' id='word_1_26' title='bbox 285 642 392 689; x_wconf 84' lang='lat' dir='ltr'>recens</span> <span class='ocrx_word' id='word_1_27' title='bbox 407 622 456 684; x_wconf 84' lang='lat' dir='ltr'>ltin</span> <span class='ocrx_word' id='word_1_28' title='bbox 471 619 655 684; x_wconf 62' lang='lat' dir='ltr'>introducitis</span> <span class='ocrx_word' id='word_1_29' title='bbox 670 621 701 683; x_wconf 92' lang='lat' dir='ltr'>in</span> <span class='ocrx_word' id='word_1_30' title='bbox 711 623 832 687; x_wconf 84' lang='lat' dir='ltr'>Oriente</span> <span class='ocrx_word' id='word_1_31' title='bbox 848 634 963 685; x_wconf 88' lang='lat' dir='ltr'>secreto</span> <span class='ocrx_word' id='word_1_32' title='bbox 979 621 1144 703; x_wconf 87' lang='lat' dir='ltr'>exponendi</span> <span class='ocrx_word' id='word_1_33' title='bbox 1157 630 1274 702; x_wconf 81' lang='lat' dir='ltr'>peecata</span> <span class='ocrx_word' id='word_1_34' title='bbox 1288 619 1362 681; x_wconf 75' lang='lat' dir='ltr'>ritus.</span> <span class='ocrx_word' id='word_1_35' title='bbox 1376 621 1447 682; x_wconf 81' lang='lat' dir='ltr'>licio</span> 
     </span>
     <span class='ocr_line' id='line_1_5' title="bbox 285 707 1448 792; baseline -0.004 -19"><span class='ocrx_word' id='word_1_36' title='bbox 285 719 334 773; x_wconf 83' lang='lat' dir='ltr'>tur</span> <span class='ocrx_word' id='word_1_37' title='bbox 356 710 431 773; x_wconf 90' lang='lat' dir='ltr'>enirn</span> <span class='ocrx_word' id='word_1_38' title='bbox 448 710 549 772; x_wconf 88' lang='lat' dir='ltr'>seculo</span> <span class='ocrx_word' id='word_1_39' title='bbox 570 710 665 773; x_wconf 85' lang='lat' dir='ltr'>statim</span> <span class='ocrx_word' id='word_1_40' title='bbox 684 711 851 792; x_wconf 85' lang='lat' dir='ltr'>insequenti</span> <span class='ocrx_word' id='word_1_41' title='bbox 871 709 996 774; x_wconf 81' lang='lat' dir='ltr'>illustris</span> <span class='ocrx_word' id='word_1_42' title='bbox 1014 711 1066 772; x_wconf 86' lang='lat' dir='ltr'>illa</span> <span class='ocrx_word' id='word_1_43' title='bbox 1081 708 1220 786; x_wconf 78' lang='lat' dir='ltr'>mutatis,</span> <span class='ocrx_word' id='word_1_44' title='bbox 1246 710 1351 789; x_wconf 80' lang='lat' dir='ltr'>qnando</span> <span class='ocrx_word' id='word_1_45' title='bbox 1366 707 1448 769; x_wconf 58' lang='lat' dir='ltr'>subur</span> 
     </span>
     <span class='ocr_line' id='line_1_6' title="bbox 285 795 1447 881; baseline -0.003 -21"><span class='ocrx_word' id='word_1_46' title='bbox 285 798 326 860; x_wconf 90' lang='lat' dir='ltr'>ibi</span> <span class='ocrx_word' id='word_1_47' title='bbox 344 810 372 861; x_wconf 90' lang='lat' dir='ltr'>ct</span> <span class='ocrx_word' id='word_1_48' title='bbox 386 797 541 860; x_wconf 85' lang='lat' dir='ltr'>interdieta</span> <span class='ocrx_word' id='word_1_49' title='bbox 557 798 610 860; x_wconf 87' lang='lat' dir='ltr'>luit</span> <span class='ocrx_word' id='word_1_50' title='bbox 627 798 740 880; x_wconf 80' lang='lat' dir='ltr'>priuata</span> <span class='ocrx_word' id='word_1_51' title='bbox 757 798 917 876; x_wconf 79' lang='lat' dir='ltr'>consessio,</span> <span class='ocrx_word' id='word_1_52' title='bbox 935 801 1114 881; x_wconf 78' lang='lat' dir='ltr'>presbytero,</span> <span class='ocrx_word' id='word_1_53' title='bbox 1134 796 1182 879; x_wconf 89' lang='lat' dir='ltr'>qui</span> <span class='ocrx_word' id='word_1_54' title='bbox 1199 796 1307 857; x_wconf 71' lang='lat' dir='ltr'>mnam</span> <span class='ocrx_word' id='word_1_55' title='bbox 1323 795 1447 876; x_wconf 79' lang='lat' dir='ltr'>praelectus</span> 
     </span>
     <span class='ocr_line' id='line_1_7' title="bbox 286 883 1448 968; baseline -0.005 -18"><span class='ocrx_word' id='word_1_56' title='bbox 286 898 362 965; x_wconf 89' lang='lat' dir='ltr'>erat,</span> <span class='ocrx_word' id='word_1_57' title='bbox 379 886 495 967; x_wconf 90' lang='lat' dir='ltr'>penitus</span> <span class='ocrx_word' id='word_1_58' title='bbox 512 899 622 961; x_wconf 88' lang='lat' dir='ltr'>remoto</span> <span class='ocrx_word' id='word_1_59' title='bbox 642 894 671 947; x_wconf 89' lang='lat' dir='ltr'>et</span> <span class='ocrx_word' id='word_1_60' title='bbox 687 886 802 949; x_wconf 77' lang='lat' dir='ltr'>indnlut</span> <span class='ocrx_word' id='word_1_61' title='bbox 818 884 969 965; x_wconf 89' lang='lat' dir='ltr'>libertate,</span> <span class='ocrx_word' id='word_1_62' title='bbox 991 898 1023 948; x_wconf 91' lang='lat' dir='ltr'>ut</span> <span class='ocrx_word' id='word_1_63' title='bbox 1040 906 1093 968; x_wconf 87' lang='lat' dir='ltr'>pro</span> <span class='ocrx_word' id='word_1_64' title='bbox 1110 906 1184 949; x_wconf 80' lang='lat' dir='ltr'>sese</span> <span class='ocrx_word' id='word_1_65' title='bbox 1200 883 1318 966; x_wconf 80' lang='lat' dir='ltr'>quisque</span> <span class='ocrx_word' id='word_1_66' title='bbox 1334 883 1448 944; x_wconf 72' lang='lat' dir='ltr'>coroner·</span> 
     </span>
     <span class='ocr_line' id='line_1_8' title="bbox 232 970 1448 1057; baseline -0.006 -21"><span class='ocrx_word' id='word_1_67' title='bbox 232 1016 247 1047; x_wconf 63' lang='lat'>,</span> <span class='ocrx_word' id='word_1_68' title='bbox 285 976 344 1037; x_wconf 86' lang='lat' dir='ltr'>tine</span> <span class='ocrx_word' id='word_1_69' title='bbox 368 975 482 1038; x_wconf 74' lang='lat' dir='ltr'>rabone</span> <span class='ocrx_word' id='word_1_70' title='bbox 506 977 543 1036; x_wconf 88' lang='lat' dir='ltr'>ad</span> <span class='ocrx_word' id='word_1_71' title='bbox 563 974 765 1057; x_wconf 74' lang='lat' dir='ltr'><strong>mysteriorum</strong></span> <span class='ocrx_word' id='word_1_72' title='bbox 790 975 1021 1036; x_wconf 83' lang='lat' dir='ltr'>communionem</span> <span class='ocrx_word' id='word_1_73' title='bbox 1045 975 1209 1036; x_wconf 78' lang='lat' dir='ltr'>accederet</span> <span class='ocrx_word' id='word_1_74' title='bbox 1250 973 1361 1033; x_wconf 82' lang='lat' dir='ltr'>Fauian</span> <span class='ocrx_word' id='word_1_75' title='bbox 1375 970 1448 1033; x_wconf 65' lang='lat' dir='ltr'>moin</span> 
     </span>
     <span class='ocr_line' id='line_1_9' title="bbox 252 1056 1447 1144; baseline -0.008 -18"><span class='ocrx_word' id='word_1_76' title='bbox 252 1069 257 1095; x_wconf 89' lang='lat'><strong>¹</strong></span> <span class='ocrx_word' id='word_1_77' title='bbox 285 1060 611 1143; x_wconf 81' lang='lat' dir='ltr'>Constantinopolitano</span> <span class='ocrx_word' id='word_1_78' title='bbox 627 1061 754 1124; x_wconf 86' lang='lat' dir='ltr'>ecclesia</span> <span class='ocrx_word' id='word_1_79' title='bbox 773 1070 902 1144; x_wconf 87' lang='lat' dir='ltr'>ternpore</span> <span class='ocrx_word' id='word_1_80' title='bbox 921 1062 1068 1138; x_wconf 74' lang='lat' dir='ltr'>Nectarii,</span> <span class='ocrx_word' id='word_1_81' title='bbox 1094 1059 1177 1122; x_wconf 88' lang='lat' dir='ltr'>illins</span> <span class='ocrx_word' id='word_1_82' title='bbox 1194 1058 1332 1121; x_wconf 86' lang='lat' dir='ltr'>ecclesiae</span> <span class='ocrx_word' id='word_1_83' title='bbox 1346 1056 1447 1138; x_wconf 70' lang='lat' dir='ltr'>epicopi,</span> 
     </span>
     <span class='ocr_line' id='line_1_10' title="bbox 284 1143 1448 1233; baseline -0.009 -20"><span class='ocrx_word' id='word_1_84' title='bbox 284 1171 378 1213; x_wconf 87' lang='lat' dir='ltr'>suasu</span> <span class='ocrx_word' id='word_1_85' title='bbox 393 1151 611 1223; x_wconf 81' lang='lat' dir='ltr'>Eudaemonis,</span> <span class='ocrx_word' id='word_1_86' title='bbox 629 1149 810 1233; x_wconf 77' lang='lat' dir='ltr'>presbytcri,</span> <span class='ocrx_word' id='word_1_87' title='bbox 829 1151 915 1233; x_wconf 86' lang='lat' dir='ltr'>cnjus</span> <span class='ocrx_word' id='word_1_88' title='bbox 932 1150 1097 1231; x_wconf 86' lang='lat' dir='ltr'>cxeurplnrn</span> <span class='ocrx_word' id='word_1_89' title='bbox 1118 1158 1221 1231; x_wconf 75' lang='lat' dir='ltr'>postes</span> <span class='ocrx_word' id='word_1_90' title='bbox 1237 1147 1323 1209; x_wconf 85' lang='lat' dir='ltr'>secuti</span> <span class='ocrx_word' id='word_1_91' title='bbox 1342 1156 1403 1221; x_wconf 75' lang='lat' dir='ltr'>suut</span> <span class='ocrx_word' id='word_1_92' title='bbox 1416 1143 1448 1224; x_wconf 84' lang='lat' dir='ltr'>qni</span> 
     </span>
     <span class='ocr_line' id='line_1_11' title="bbox 283 1230 1448 1319; baseline -0.007 -19"><span class='ocrx_word' id='word_1_93' title='bbox 283 1237 464 1319; x_wconf 87' lang='lat' dir='ltr'>reliquarum</span> <span class='ocrx_word' id='word_1_94' title='bbox 482 1239 513 1299; x_wconf 89' lang='lat' dir='ltr'>in</span> <span class='ocrx_word' id='word_1_95' title='bbox 534 1239 654 1300; x_wconf 76' lang='lat' dir='ltr'>Oriente</span> <span class='ocrx_word' id='word_1_96' title='bbox 678 1239 871 1300; x_wconf 78' lang='lat' dir='ltr'>eedesiarunr</span> <span class='ocrx_word' id='word_1_97' title='bbox 895 1258 995 1301; x_wconf 87' lang='lat' dir='ltr'>euram</span> <span class='ocrx_word' id='word_1_98' title='bbox 1012 1239 1157 1318; x_wconf 78' lang='lat' dir='ltr'>gerebant</span> <span class='ocrx_word' id='word_1_99' title='bbox 1175 1234 1311 1317; x_wconf 81' lang='lat' dir='ltr'>episcopi.</span> <span class='ocrx_word' id='word_1_100' title='bbox 1340 1267 1377 1280; x_wconf 86' lang='lat'>-</span> <span class='ocrx_word' id='word_1_101' title='bbox 1398 1230 1448 1313; x_wconf 77' lang='lat' dir='ltr'>§l</span> 
     </span>
     <span class='ocr_line' id='line_1_12' title="bbox 283 1322 1448 1408; baseline -0.003 -20"><span class='ocrx_word' id='word_1_102' title='bbox 283 1326 388 1408; x_wconf 84' lang='lat' dir='ltr'>Neque</span> <span class='ocrx_word' id='word_1_103' title='bbox 405 1327 452 1388; x_wconf 86' lang='lat' dir='ltr'>bic</span> <span class='ocrx_word' id='word_1_104' title='bbox 470 1325 575 1388; x_wconf 87' lang='lat' dir='ltr'>iterum</span> <span class='ocrx_word' id='word_1_105' title='bbox 594 1326 668 1387; x_wconf 87' lang='lat' dir='ltr'>satis</span> <span class='ocrx_word' id='word_1_106' title='bbox 688 1327 818 1406; x_wconf 76' lang='lat' dir='ltr'>ingenue</span> <span class='ocrx_word' id='word_1_107' title='bbox 835 1326 991 1404; x_wconf 86' lang='lat' dir='ltr'>Petarins,</span> <span class='ocrx_word' id='word_1_108' title='bbox 1015 1326 1082 1407; x_wconf 88' lang='lat' dir='ltr'>qui,</span> <span class='ocrx_word' id='word_1_109' title='bbox 1108 1328 1176 1387; x_wconf 90' lang='lat' dir='ltr'>dnm</span> <span class='ocrx_word' id='word_1_110' title='bbox 1193 1325 1223 1387; x_wconf 88' lang='lat' dir='ltr'>in</span> <span class='ocrx_word' id='word_1_111' title='bbox 1247 1322 1448 1387; x_wconf 71' lang='lat' dir='ltr'>excudendum</span> 
     </span>
     <span class='ocr_line' id='line_1_13' title="bbox 285 1409 1447 1495; baseline -0.009 -19"><span class='ocrx_word' id='word_1_112' title='bbox 285 1412 420 1476; x_wconf 90' lang='lat' dir='ltr'>morabili</span> <span class='ocrx_word' id='word_1_113' title='bbox 436 1412 489 1476; x_wconf 93' lang='lat' dir='ltr'>illo</span> <span class='ocrx_word' id='word_1_114' title='bbox 505 1414 637 1476; x_wconf 77' lang='lat' dir='ltr'>Nectarii</span> <span class='ocrx_word' id='word_1_115' title='bbox 653 1415 732 1477; x_wconf 83' lang='lat' dir='ltr'>sacto</span> <span class='ocrx_word' id='word_1_116' title='bbox 750 1424 902 1490; x_wconf 83' lang='lat' dir='ltr'>versatur,</span> <span class='ocrx_word' id='word_1_117' title='bbox 917 1414 1124 1495; x_wconf 80' lang='lat' dir='ltr'>paenitentiam</span> <span class='ocrx_word' id='word_1_118' title='bbox 1143 1415 1229 1475; x_wconf 89' lang='lat' dir='ltr'>modo</span> <span class='ocrx_word' id='word_1_119' title='bbox 1244 1409 1389 1492; x_wconf 82' lang='lat' dir='ltr'>publicam,</span> <span class='ocrx_word' id='word_1_120' title='bbox 1411 1425 1447 1466; x_wconf 82' lang='lat' dir='ltr'>nro</span> 
     </span>
     <span class='ocr_line' id='line_1_14' title="bbox 285 1497 1448 1574; baseline -0.006 -10"><span class='ocrx_word' id='word_1_121' title='bbox 285 1502 501 1564; x_wconf 78' lang='lat' dir='ltr'>contessionem</span> <span class='ocrx_word' id='word_1_122' title='bbox 522 1502 553 1562; x_wconf 92' lang='lat' dir='ltr'>in</span> <span class='ocrx_word' id='word_1_123' title='bbox 572 1502 692 1567; x_wconf 78' lang='lat' dir='ltr'>Oriente</span> <span class='ocrx_word' id='word_1_124' title='bbox 716 1503 864 1565; x_wconf 88' lang='lat' dir='ltr'>sublatam</span> <span class='ocrx_word' id='word_1_125' title='bbox 884 1501 985 1565; x_wconf 84' lang='lat' dir='ltr'>inisse</span> <span class='ocrx_word' id='word_1_126' title='bbox 1008 1505 1102 1564; x_wconf 90' lang='lat' dir='ltr'>docet.</span> <span class='ocrx_word' id='word_1_127' title='bbox 1147 1501 1229 1563; x_wconf 86' lang='lat' dir='ltr'>Suae</span> <span class='ocrx_word' id='word_1_128' title='bbox 1252 1497 1392 1561; x_wconf 72' lang='lat' dir='ltr'>emuntur</span> <span class='ocrx_word' id='word_1_129' title='bbox 1406 1502 1448 1574; x_wconf 84' lang='lat' dir='ltr'>pttt</span> 
     </span>
     <span class='ocr_line' id='line_1_15' title="bbox 285 1582 1448 1671; baseline -0.004 -18"><span class='ocrx_word' id='word_1_130' title='bbox 285 1591 436 1653; x_wconf 78' lang='lat' dir='ltr'>Socratem</span> <span class='ocrx_word' id='word_1_131' title='bbox 465 1598 596 1651; x_wconf 87' lang='lat' dir='ltr'>autorem</span> <span class='ocrx_word' id='word_1_132' title='bbox 625 1591 759 1671; x_wconf 83' lang='lat' dir='ltr'>producit</span> <span class='ocrx_word' id='word_1_133' title='bbox 780 1590 991 1666; x_wconf 76' lang='lat' dir='ltr'>sozomenum,</span> <span class='ocrx_word' id='word_1_134' title='bbox 1017 1611 1104 1671; x_wconf 89' lang='lat' dir='ltr'>quem</span> <span class='ocrx_word' id='word_1_135' title='bbox 1129 1591 1235 1651; x_wconf 87' lang='lat' dir='ltr'>docere</span> <span class='ocrx_word' id='word_1_136' title='bbox 1252 1587 1291 1651; x_wconf 87' lang='lat' dir='ltr'>ait</span> <span class='ocrx_word' id='word_1_137' title='bbox 1309 1590 1383 1657; x_wconf 77' lang='lat' dir='ltr'>iden,</span> <span class='ocrx_word' id='word_1_138' title='bbox 1401 1582 1448 1662; x_wconf 72' lang='lat' dir='ltr'>pti</span> 
     </span>
     <span class='ocr_line' id='line_1_16' title="bbox 286 1669 1447 1757; baseline -0.009 -17"><span class='ocrx_word' id='word_1_139' title='bbox 286 1682 526 1757; x_wconf 72' lang='lat' dir='ltr'>Constantinopoli</span> <span class='ocrx_word' id='word_1_140' title='bbox 541 1676 720 1757; x_wconf 78' lang='lat' dir='ltr'>nbropotoim,</span> <span class='ocrx_word' id='word_1_141' title='bbox 746 1686 776 1739; x_wconf 85' lang='lat' dir='ltr'>in</span> <span class='ocrx_word' id='word_1_142' title='bbox 800 1682 921 1740; x_wconf 77' lang='lat' dir='ltr'>redariis</span> <span class='ocrx_word' id='word_1_143' title='bbox 935 1680 1148 1747; x_wconf 76' lang='lat' dir='ltr'>occidentalibus</span> <span class='ocrx_word' id='word_1_144' title='bbox 1173 1700 1206 1753; x_wconf 78' lang='lat' dir='ltr'>nn</span> <span class='ocrx_word' id='word_1_145' title='bbox 1224 1682 1360 1757; x_wconf 83' lang='lat' dir='ltr'>praecipue</span> <span class='ocrx_word' id='word_1_146' title='bbox 1377 1669 1447 1732; x_wconf 78' lang='lat' dir='ltr'>inille</span> 
     </span>
     <span class='ocr_line' id='line_1_17' title="bbox 284 1754 1447 1849; baseline -0.008 -22"><span class='ocrx_word' id='word_1_147' title='bbox 284 1771 416 1827; x_wconf 73' lang='grc' dir='ltr'><strong><em>Βοοτοοα</em></strong></span> <span class='ocrx_word' id='word_1_148' title='bbox 431 1787 630 1848; x_wconf 80' lang='lat' dir='ltr'>perseuerasse.</span> <span class='ocrx_word' id='word_1_149' title='bbox 662 1767 735 1827; x_wconf 83' lang='lat' dir='ltr'>Late</span> <span class='ocrx_word' id='word_1_150' title='bbox 751 1768 810 1828; x_wconf 86' lang='lat' dir='ltr'>boc</span> <span class='ocrx_word' id='word_1_151' title='bbox 825 1774 1029 1846; x_wconf 80' lang='lat' dir='ltr'>argumentum</span> <span class='ocrx_word' id='word_1_152' title='bbox 1047 1766 1231 1849; x_wconf 80' lang='lat' dir='ltr'>persequitur</span> <span class='ocrx_word' id='word_1_153' title='bbox 1246 1784 1281 1825; x_wconf 84' lang='lat' dir='ltr'>ac</span> <span class='ocrx_word' id='word_1_154' title='bbox 1302 1763 1397 1824; x_wconf 82' lang='lat' dir='ltr'>tandem</span> <span class='ocrx_word' id='word_1_155' title='bbox 1407 1754 1447 1835; x_wconf 83' lang='lat' dir='ltr'>prl-</span> 
     </span>
     <span class='ocr_line' id='line_1_18' title="bbox 283 1844 1447 1934; baseline -0.012 -19"><span class='ocrx_word' id='word_1_156' title='bbox 283 1864 379 1915; x_wconf 86' lang='lat' dir='ltr'>ratam</span> <span class='ocrx_word' id='word_1_157' title='bbox 398 1863 427 1916; x_wconf 88' lang='lat' dir='ltr'>et</span> <span class='ocrx_word' id='word_1_158' title='bbox 446 1853 650 1934; x_wconf 87' lang='lat' dir='ltr'>poenitentiam</span> <span class='ocrx_word' id='word_1_159' title='bbox 669 1866 699 1915; x_wconf 91' lang='lat' dir='ltr'>et</span> <span class='ocrx_word' id='word_1_160' title='bbox 717 1854 933 1917; x_wconf 83' lang='lat' dir='ltr'>confessionem</span> <span class='ocrx_word' id='word_1_161' title='bbox 953 1854 1064 1916; x_wconf 86' lang='lat' dir='ltr'>sairam</span> <span class='ocrx_word' id='word_1_162' title='bbox 1082 1864 1110 1915; x_wconf 89' lang='lat' dir='ltr'>et</span> <span class='ocrx_word' id='word_1_163' title='bbox 1125 1852 1292 1925; x_wconf 81' lang='lat' dir='ltr'>incolumen</span> <span class='ocrx_word' id='word_1_164' title='bbox 1309 1844 1447 1912; x_wconf 76' lang='lat' dir='ltr'>edendor-</span> 
     </span>
     <span class='ocr_line' id='line_1_19' title="bbox 283 1939 1446 2023; baseline -0.001 -20"><span class='ocrx_word' id='word_1_165' title='bbox 283 1939 473 2023; x_wconf 85' lang='lat' dir='ltr'>stantinopoli</span> <span class='ocrx_word' id='word_1_166' title='bbox 482 1941 629 2004; x_wconf 87' lang='lat' dir='ltr'>mansisse</span> <span class='ocrx_word' id='word_1_167' title='bbox 639 1942 796 2006; x_wconf 89' lang='lat' dir='ltr'>concludit.</span> <span class='ocrx_word' id='word_1_168' title='bbox 807 1943 950 2007; x_wconf 78' lang='lat' dir='ltr'>Ver-amsi</span> <span class='ocrx_word' id='word_1_169' title='bbox 960 1944 1032 2003; x_wconf 87' lang='lat' dir='ltr'>baec</span> <span class='ocrx_word' id='word_1_170' title='bbox 1042 1941 1181 2003; x_wconf 88' lang='lat' dir='ltr'>docuisse</span> <span class='ocrx_word' id='word_1_171' title='bbox 1194 1939 1446 2002; x_wconf 67' lang='lat' dir='ltr'>carcassonam,</span> 
     </span>
    </p>
   </div>
   <div class='ocr_carea' id='block_1_3' title="bbox 170 2028 1483 2113">
    <p class='ocr_par' dir='ltr' id='par_1_3' title="bbox 170 2028 1483 2113">
     <span class='ocr_line' id='line_1_20' title="bbox 170 2028 1483 2113; baseline -0.003 -22"><span class='ocrx_word' id='word_1_172' title='bbox 170 2064 171 2069; x_wconf 19' lang='grc' dir='ltr'><strong>κ</strong></span> <span class='ocrx_word' id='word_1_173' title='bbox 283 2037 408 2093; x_wconf 88' lang='lat' dir='ltr'>mentem</span> <span class='ocrx_word' id='word_1_174' title='bbox 428 2031 493 2113; x_wconf 78' lang='lat' dir='ltr'>eJ‘ns</span> <span class='ocrx_word' id='word_1_175' title='bbox 511 2051 568 2091; x_wconf 91' lang='lat' dir='ltr'>non</span> <span class='ocrx_word' id='word_1_176' title='bbox 585 2033 657 2093; x_wconf 82' lang='lat' dir='ltr'>satis</span> <span class='ocrx_word' id='word_1_177' title='bbox 672 2041 827 2094; x_wconf 85' lang='lat' dir='ltr'>assecutus</span> <span class='ocrx_word' id='word_1_178' title='bbox 843 2031 939 2093; x_wconf 84' lang='lat' dir='ltr'>inisse</span> <span class='ocrx_word' id='word_1_179' title='bbox 956 2032 1070 2095; x_wconf 82' lang='lat' dir='ltr'>ridetur</span> <span class='ocrx_word' id='word_1_180' title='bbox 1085 2031 1130 2091; x_wconf 84' lang='lat' dir='ltr'>vir</span> <span class='ocrx_word' id='word_1_181' title='bbox 1147 2032 1261 2091; x_wconf 87' lang='lat' dir='ltr'>doctus.</span> <span class='ocrx_word' id='word_1_182' title='bbox 1291 2028 1447 2102; x_wconf 64' lang='lat' dir='ltr'>Resapptt·</span> <span class='ocrx_word' id='word_1_183' title='bbox 1479 2076 1483 2087; x_wconf 83' lang='lat'><em>.</em></span> 
     </span>
    </p>
   </div>
   <div class='ocr_carea' id='block_1_4' title="bbox 281 2105 1447 2287">
    <p class='ocr_par' dir='ltr' id='par_1_4' title="bbox 281 2105 1447 2287">
     <span class='ocr_line' id='line_1_21' title="bbox 282 2105 1447 2201; baseline -0.011 -22"><span class='ocrx_word' id='word_1_184' title='bbox 282 2119 341 2193; x_wconf 85' lang='lat' dir='ltr'>bit,</span> <span class='ocrx_word' id='word_1_185' title='bbox 365 2119 390 2183; x_wconf 91' lang='lat' dir='ltr'>si</span> <span class='ocrx_word' id='word_1_186' title='bbox 408 2119 511 2181; x_wconf 89' lang='lat' dir='ltr'>oculos</span> <span class='ocrx_word' id='word_1_187' title='bbox 531 2119 717 2201; x_wconf 87' lang='lat' dir='ltr'>animumque</span> <span class='ocrx_word' id='word_1_188' title='bbox 734 2122 771 2181; x_wconf 88' lang='lat' dir='ltr'>nd</span> <span class='ocrx_word' id='word_1_189' title='bbox 788 2141 823 2181; x_wconf 84' lang='lat' dir='ltr'>ea</span> <span class='ocrx_word' id='word_1_190' title='bbox 842 2126 1011 2195; x_wconf 85' lang='lat' dir='ltr'>convertas,</span> <span class='ocrx_word' id='word_1_191' title='bbox 1035 2138 1112 2199; x_wconf 86' lang='lat' dir='ltr'>quae</span> <span class='ocrx_word' id='word_1_192' title='bbox 1129 2120 1166 2179; x_wconf 90' lang='lat' dir='ltr'>de</span> <span class='ocrx_word' id='word_1_193' title='bbox 1186 2117 1331 2197; x_wconf 88' lang='lat' dir='ltr'>utriusque</span> <span class='ocrx_word' id='word_1_194' title='bbox 1346 2105 1447 2173; x_wconf 77' lang='lat' dir='ltr'>orbae</span> 
     </span>
     <span class='ocr_line' id='line_1_22' title="bbox 281 2197 1447 2287; baseline -0.011 -20"><span class='ocrx_word' id='word_1_195' title='bbox 281 2206 387 2269; x_wconf 78' lang='lat' dir='ltr'>ritibus</span> <span class='ocrx_word' id='word_1_196' title='bbox 411 2207 497 2269; x_wconf 84' lang='lat' dir='ltr'>tradit</span> <span class='ocrx_word' id='word_1_197' title='bbox 518 2207 645 2287; x_wconf 88' lang='lat' dir='ltr'>scriptor</span> <span class='ocrx_word' id='word_1_198' title='bbox 667 2210 751 2267; x_wconf 87' lang='lat' dir='ltr'>modo</span> <span class='ocrx_word' id='word_1_199' title='bbox 778 2207 924 2268; x_wconf 87' lang='lat' dir='ltr'>laudatus.</span> <span class='ocrx_word' id='word_1_200' title='bbox 970 2205 1092 2268; x_wconf 84' lang='lat' dir='ltr'>Scilicet</span> <span class='ocrx_word' id='word_1_201' title='bbox 1114 2226 1203 2287; x_wconf 84' lang='lat' dir='ltr'>quam</span> <span class='ocrx_word' id='word_1_202' title='bbox 1219 2205 1297 2267; x_wconf 83' lang='lat' dir='ltr'>cirea</span> <span class='ocrx_word' id='word_1_203' title='bbox 1312 2197 1447 2282; x_wconf 73' lang='lat' dir='ltr'>perinsus</span> 
     </span>
    </p>
   </div>
   <div class='ocr_carea' id='block_1_5' title="bbox 180 2291 1447 2375">
    <p class='ocr_par' dir='ltr' id='par_1_5' title="bbox 180 2291 1447 2375">
     <span class='ocr_line' id='line_1_23' title="bbox 180 2291 1447 2375; baseline -0.007 -20"><span class='ocrx_word' id='word_1_204' title='bbox 180 2362 189 2375; x_wconf 31' lang='grc' dir='ltr'><strong><em>Ι</em></strong></span> <span class='ocrx_word' id='word_1_205' title='bbox 263 2291 468 2375; x_wconf 69' lang='lat' dir='ltr'>disciplinam</span> <span class='ocrx_word' id='word_1_206' title='bbox 476 2314 603 2359; x_wconf 76' lang='lat' dir='ltr'>serrare</span> <span class='ocrx_word' id='word_1_207' title='bbox 621 2293 796 2356; x_wconf 85' lang='lat' dir='ltr'>occidentali</span> <span class='ocrx_word' id='word_1_208' title='bbox 816 2294 959 2357; x_wconf 84' lang='lat' dir='ltr'>ecclesiae</span> <span class='ocrx_word' id='word_1_209' title='bbox 976 2304 1011 2355; x_wconf 85' lang='lat' dir='ltr'>ac</span> <span class='ocrx_word' id='word_1_210' title='bbox 1035 2295 1197 2374; x_wconf 73' lang='lat' dir='ltr'>praecipue</span> <span class='ocrx_word' id='word_1_211' title='bbox 1218 2292 1261 2356; x_wconf 90' lang='lat' dir='ltr'>illi</span> <span class='ocrx_word' id='word_1_212' title='bbox 1277 2292 1447 2353; x_wconf 68' lang='lat' dir='ltr'>benarno·</span> 
     </span>
    </p>
   </div>
   <div class='ocr_carea' id='block_1_6' title="bbox 181 2376 1446 4575">
    <p class='ocr_par' dir='ltr' id='par_1_6' title="bbox 198 2376 1446 3517">
     <span class='ocr_line' id='line_1_24' title="bbox 280 2376 1446 2466; baseline -0.005 -24"><span class='ocrx_word' id='word_1_213' title='bbox 280 2382 368 2444; x_wconf 81' lang='lat' dir='ltr'>lenae</span> <span class='ocrx_word' id='word_1_214' title='bbox 388 2382 434 2459; x_wconf 88' lang='lat' dir='ltr'>sit,</span> <span class='ocrx_word' id='word_1_215' title='bbox 453 2402 517 2442; x_wconf 90' lang='lat' dir='ltr'>cum</span> <span class='ocrx_word' id='word_1_216' title='bbox 535 2381 734 2461; x_wconf 85' lang='lat' dir='ltr'>exposuisset,</span> <span class='ocrx_word' id='word_1_217' title='bbox 750 2392 811 2444; x_wconf 89' lang='lat' dir='ltr'>tnm</span> <span class='ocrx_word' id='word_1_218' title='bbox 828 2403 945 2464; x_wconf 89' lang='lat' dir='ltr'>quoqne</span> <span class='ocrx_word' id='word_1_219' title='bbox 960 2382 1129 2462; x_wconf 71' lang='lat' dir='ltr'>pantocrat</span> <span class='ocrx_word' id='word_1_220' title='bbox 1144 2382 1221 2443; x_wconf 83' lang='lat' dir='ltr'>ritus</span> <span class='ocrx_word' id='word_1_221' title='bbox 1236 2381 1266 2441; x_wconf 91' lang='lat' dir='ltr'>in</span> <span class='ocrx_word' id='word_1_222' title='bbox 1282 2378 1328 2439; x_wconf 88' lang='lat' dir='ltr'>illa</span> <span class='ocrx_word' id='word_1_223' title='bbox 1342 2376 1446 2466; x_wconf 50' lang='lat' dir='ltr'>Osmid-</span> 
     </span>
     <span class='ocr_line' id='line_1_25' title="bbox 281 2457 1446 2555; baseline -0.007 -24"><span class='ocrx_word' id='word_1_224' title='bbox 281 2466 475 2550; x_wconf 86' lang='lat' dir='ltr'>tinopolitana</span> <span class='ocrx_word' id='word_1_225' title='bbox 493 2471 641 2531; x_wconf 85' lang='lat' dir='ltr'>describit.</span> <span class='ocrx_word' id='word_1_226' title='bbox 653 2489 777 2551; x_wconf 87' lang='lat' dir='ltr'>cumque</span> <span class='ocrx_word' id='word_1_227' title='bbox 791 2469 822 2530; x_wconf 90' lang='lat' dir='ltr'>in</span> <span class='ocrx_word' id='word_1_228' title='bbox 842 2471 896 2532; x_wconf 84' lang='lat' dir='ltr'>lrac</span> <span class='ocrx_word' id='word_1_229' title='bbox 916 2480 1026 2531; x_wconf 86' lang='lat' dir='ltr'>certum</span> <span class='ocrx_word' id='word_1_230' title='bbox 1043 2471 1257 2553; x_wconf 72' lang='lat' dir='ltr'>presbyterum,</span> <span class='ocrx_word' id='word_1_231' title='bbox 1270 2467 1317 2550; x_wconf 88' lang='lat' dir='ltr'>qui</span> <span class='ocrx_word' id='word_1_232' title='bbox 1333 2457 1446 2555; x_wconf 50' lang='lat' dir='ltr'>ondam</span> 
     </span>
     <span class='ocr_line' id='line_1_26' title="bbox 280 2549 1445 2639; baseline -0.002 -21"><span class='ocrx_word' id='word_1_233' title='bbox 280 2557 489 2639; x_wconf 86' lang='lat' dir='ltr'>poenitentium</span> <span class='ocrx_word' id='word_1_234' title='bbox 508 2556 745 2621; x_wconf 74' lang='lat' dir='ltr'>confessionibus</span> <span class='ocrx_word' id='word_1_235' title='bbox 761 2569 895 2636; x_wconf 78' lang='lat' dir='ltr'>vacaret,</span> <span class='ocrx_word' id='word_1_236' title='bbox 915 2559 1101 2622; x_wconf 87' lang='lat' dir='ltr'>constitutum</span> <span class='ocrx_word' id='word_1_237' title='bbox 1120 2558 1218 2621; x_wconf 86' lang='lat' dir='ltr'>inisse</span> <span class='ocrx_word' id='word_1_238' title='bbox 1237 2557 1325 2631; x_wconf 87' lang='lat' dir='ltr'>dicat,</span> <span class='ocrx_word' id='word_1_239' title='bbox 1355 2549 1445 2630; x_wconf 60' lang='lat' dir='ltr'>crium</span> 
     </span>
     <span class='ocr_line' id='line_1_27' title="bbox 281 2630 1445 2729; baseline -0.013 -21"><span class='ocrx_word' id='word_1_240' title='bbox 281 2646 408 2709; x_wconf 90' lang='lat' dir='ltr'>ecclesia</span> <span class='ocrx_word' id='word_1_241' title='bbox 424 2647 558 2711; x_wconf 84' lang='lat' dir='ltr'>Romana</span> <span class='ocrx_word' id='word_1_242' title='bbox 573 2647 912 2729; x_wconf 80' lang='lat' dir='ltr'>mentionem&#39;injeesrat</span> <span class='ocrx_word' id='word_1_243' title='bbox 928 2646 1016 2727; x_wconf 88' lang='lat' dir='ltr'>plane</span> <span class='ocrx_word' id='word_1_244' title='bbox 1035 2647 1162 2723; x_wconf 78' lang='lat' dir='ltr'>nullasu,</span> <span class='ocrx_word' id='word_1_245' title='bbox 1192 2645 1262 2729; x_wconf 82' lang='lat' dir='ltr'>qnid</span> <span class='ocrx_word' id='word_1_246' title='bbox 1279 2660 1375 2726; x_wconf 75' lang='lat' dir='ltr'>quaeso</span> <span class='ocrx_word' id='word_1_247' title='bbox 1387 2630 1445 2727; x_wconf 75' lang='lat' dir='ltr'>cliui,</span> 
     </span>
     <span class='ocr_line' id='line_1_28' title="bbox 198 2721 1446 2816; baseline -0.008 -19"><span class='ocrx_word' id='word_1_248' title='bbox 198 2739 206 2750; x_wconf 76' lang='grc'><strong>“</strong></span> <span class='ocrx_word' id='word_1_249' title='bbox 280 2755 367 2816; x_wconf 88' lang='lat' dir='ltr'>qnam</span> <span class='ocrx_word' id='word_1_250' title='bbox 384 2735 531 2798; x_wconf 77' lang='lat' dir='ltr'>diversum</span> <span class='ocrx_word' id='word_1_251' title='bbox 549 2735 617 2816; x_wconf 89' lang='lat' dir='ltr'>qnid</span> <span class='ocrx_word' id='word_1_252' title='bbox 634 2738 672 2797; x_wconf 88' lang='lat' dir='ltr'>ab</span> <span class='ocrx_word' id='word_1_253' title='bbox 689 2735 817 2798; x_wconf 82' lang='lat' dir='ltr'>eeclesia</span> <span class='ocrx_word' id='word_1_254' title='bbox 836 2736 972 2798; x_wconf 84' lang='lat' dir='ltr'>Romana</span> <span class='ocrx_word' id='word_1_255' title='bbox 988 2732 1071 2796; x_wconf 89' lang='lat' dir='ltr'>illam</span> <span class='ocrx_word' id='word_1_256' title='bbox 1087 2729 1335 2813; x_wconf 82' lang='lat' dir='ltr'>Constantinopoli</span> <span class='ocrx_word' id='word_1_257' title='bbox 1348 2721 1446 2789; x_wconf 59' lang='lat' dir='ltr'>minim</span> 
     </span>
     <span class='ocr_line' id='line_1_29' title="bbox 280 2821 1445 2906; baseline -0.005 -21"><span class='ocrx_word' id='word_1_258' title='bbox 280 2821 452 2903; x_wconf 78' lang='lat' dir='ltr'>significati</span> <span class='ocrx_word' id='word_1_259' title='bbox 487 2824 566 2885; x_wconf 81' lang='lat' dir='ltr'>Adeo</span> <span class='ocrx_word' id='word_1_260' title='bbox 590 2823 670 2885; x_wconf 88' lang='lat' dir='ltr'>clara</span> <span class='ocrx_word' id='word_1_261' title='bbox 692 2834 775 2901; x_wconf 89' lang='lat' dir='ltr'>sunt,</span> <span class='ocrx_word' id='word_1_262' title='bbox 799 2844 874 2906; x_wconf 89' lang='lat' dir='ltr'>qnae</span> <span class='ocrx_word' id='word_1_263' title='bbox 891 2821 1034 2903; x_wconf 79' lang='lat' dir='ltr'>leguntur</span> <span class='ocrx_word' id='word_1_264' title='bbox 1051 2826 1129 2904; x_wconf 87' lang='lat' dir='ltr'>apud</span> <span class='ocrx_word' id='word_1_265' title='bbox 1153 2822 1356 2892; x_wconf 75' lang='lat' dir='ltr'>sozomenum,</span> <span class='ocrx_word' id='word_1_266' title='bbox 1376 2821 1445 2872; x_wconf 77' lang='lat' dir='ltr'>utnon</span> 
     </span>
     <span class='ocr_line' id='line_1_30' title="bbox 280 2894 1445 2993; baseline -0.006 -20"><span class='ocrx_word' id='word_1_267' title='bbox 280 2911 369 2973; x_wconf 88' lang='lat' dir='ltr'>aliam</span> <span class='ocrx_word' id='word_1_268' title='bbox 388 2905 524 2993; x_wconf 87' lang='lat' dir='ltr'>scriptori</span> <span class='ocrx_word' id='word_1_269' title='bbox 551 2922 675 2974; x_wconf 91' lang='lat' dir='ltr'>mentcm</span> <span class='ocrx_word' id='word_1_270' title='bbox 697 2912 793 2974; x_wconf 81' lang='lat' dir='ltr'>inisse</span> <span class='ocrx_word' id='word_1_271' title='bbox 817 2915 934 2973; x_wconf 86' lang='lat' dir='ltr'>abunde</span> <span class='ocrx_word' id='word_1_272' title='bbox 959 2915 1091 2991; x_wconf 86' lang='lat' dir='ltr'>probent.</span> <span class='ocrx_word' id='word_1_273' title='bbox 1132 2910 1174 2971; x_wconf 86' lang='lat' dir='ltr'>lta</span> <span class='ocrx_word' id='word_1_274' title='bbox 1190 2911 1267 2972; x_wconf 81' lang='lat' dir='ltr'>enirn</span> <span class='ocrx_word' id='word_1_275' title='bbox 1284 2908 1344 2981; x_wconf 88' lang='lat' dir='ltr'>ille,</span> <span class='ocrx_word' id='word_1_276' title='bbox 1365 2894 1445 2993; x_wconf 63' lang='lat' dir='ltr'>mnia</span> 
     </span>
     <span class='ocr_line' id='line_1_31' title="bbox 278 2980 1446 3081; baseline -0.003 -21"><span class='ocrx_word' id='word_1_277' title='bbox 278 2999 449 3080; x_wconf 87' lang='lat' dir='ltr'>poenitendi</span> <span class='ocrx_word' id='word_1_278' title='bbox 466 3003 543 3081; x_wconf 87' lang='lat' dir='ltr'>apud</span> <span class='ocrx_word' id='word_1_279' title='bbox 560 3001 712 3063; x_wconf 89' lang='lat' dir='ltr'>Romanos</span> <span class='ocrx_word' id='word_1_280' title='bbox 729 2999 841 3060; x_wconf 89' lang='lat' dir='ltr'>ratione</span> <span class='ocrx_word' id='word_1_281' title='bbox 860 3007 1134 3060; x_wconf 87' lang='lat' dir='ltr'>commemorasset:</span> <span class='ocrx_word' id='word_1_282' title='bbox 1164 2987 1205 3057; x_wconf 81' lang='grc' dir='ltr'>τὰ</span> <span class='ocrx_word' id='word_1_283' title='bbox 1230 2993 1266 3056; x_wconf 78' lang='grc' dir='ltr'>δὲ</span> <span class='ocrx_word' id='word_1_284' title='bbox 1281 2989 1333 3073; x_wconf 69' lang='lat' dir='ltr'>pit</span> <span class='ocrx_word' id='word_1_285' title='bbox 1345 2980 1446 3067; x_wconf 66' lang='lat' dir='ltr'>ipptht</span> 
     </span>
     <span class='ocr_line' id='line_1_32' title="bbox 279 3071 1445 3168; baseline -0.006 -18"><span class='ocrx_word' id='word_1_286' title='bbox 279 3089 309 3150; x_wconf 89' lang='lat' dir='ltr'>ol</span> <span class='ocrx_word' id='word_1_287' title='bbox 328 3083 488 3167; x_wconf 70' lang='lat' dir='ltr'>‘Purpurione</span> <span class='ocrx_word' id='word_1_288' title='bbox 511 3089 603 3167; x_wconf 75' lang='grc' dir='ltr'><strong><em>ἱερεῖς</em></strong></span> <span class='ocrx_word' id='word_1_289' title='bbox 625 3082 695 3168; x_wconf 79' lang='grc' dir='ltr'><strong><em>ἄχρι</em></strong></span> <span class='ocrx_word' id='word_1_290' title='bbox 719 3084 771 3146; x_wconf 76' lang='grc' dir='ltr'>καὶ</span> <span class='ocrx_word' id='word_1_291' title='bbox 794 3086 838 3156; x_wconf 73' lang='grc' dir='ltr'>εἰς</span> <span class='ocrx_word' id='word_1_292' title='bbox 861 3081 943 3166; x_wconf 75' lang='grc' dir='ltr'>ἡμᾶς</span> <span class='ocrx_word' id='word_1_293' title='bbox 962 3076 1182 3163; x_wconf 75' lang='grc' dir='ltr'><strong><em>φυλάττουσιν.</em></strong></span> <span class='ocrx_word' id='word_1_294' title='bbox 1226 3076 1327 3145; x_wconf 78' lang='grc' dir='ltr'>Ἐνᾶὲ</span> <span class='ocrx_word' id='word_1_295' title='bbox 1343 3071 1445 3163; x_wconf 60' lang='grc' dir='ltr'>τξνΚθξ·</span> 
     </span>
     <span class='ocr_line' id='line_1_33' title="bbox 278 3154 1446 3255; baseline 0.003 -20"><span class='ocrx_word' id='word_1_296' title='bbox 278 3167 538 3235; x_wconf 81' lang='grc' dir='ltr'><strong><em>οταντινουαόλεο</em></strong></span> <span class='ocrx_word' id='word_1_297' title='bbox 554 3168 699 3254; x_wconf 61' lang='grc' dir='ltr'>ἐκκλησίᾳ</span> <span class='ocrx_word' id='word_1_298' title='bbox 720 3168 736 3232; x_wconf 83' lang='grc' dir='ltr'>ὁ</span> <span class='ocrx_word' id='word_1_299' title='bbox 754 3170 807 3233; x_wconf 75' lang='lat' dir='ltr'>inl</span> <span class='ocrx_word' id='word_1_300' title='bbox 823 3171 887 3233; x_wconf 77' lang='grc' dir='ltr'>τῶν</span> <span class='ocrx_word' id='word_1_301' title='bbox 901 3163 1137 3251; x_wconf 72' lang='grc' dir='ltr'>μετανοούντων</span> <span class='ocrx_word' id='word_1_302' title='bbox 1152 3170 1331 3255; x_wconf 70' lang='grc' dir='ltr'><strong><em>τεταγμένος</em></strong></span> <span class='ocrx_word' id='word_1_303' title='bbox 1344 3154 1446 3243; x_wconf 45' lang='lat' dir='ltr'>fidili*</span> 
     </span>
     <span class='ocr_line' id='line_1_34' title="bbox 277 3248 1446 3343; baseline 0.003 -22"><span class='ocrx_word' id='word_1_304' title='bbox 277 3281 366 3343; x_wconf 79' lang='grc' dir='ltr'><strong><em>τερος</em></strong></span> <span class='ocrx_word' id='word_1_305' title='bbox 383 3250 592 3323; x_wconf 78' lang='grc' dir='ltr'><strong><em>ἐπολιτεύετο,</em></strong></span> <span class='ocrx_word' id='word_1_306' title='bbox 631 3259 790 3336; x_wconf 73' lang='lat' dir='ltr'>sicigitur</span> <span class='ocrx_word' id='word_1_307' title='bbox 807 3260 837 3320; x_wconf 93' lang='lat' dir='ltr'>in</span> <span class='ocrx_word' id='word_1_308' title='bbox 855 3260 1180 3341; x_wconf 69' lang='lat' dir='ltr'>constantinopolitana</span> <span class='ocrx_word' id='word_1_309' title='bbox 1201 3256 1323 3324; x_wconf 79' lang='lat' dir='ltr'>ecelesia</span> <span class='ocrx_word' id='word_1_310' title='bbox 1336 3248 1446 3335; x_wconf 66' lang='lat' dir='ltr'>proripit!</span> 
     </span>
     <span class='ocr_line' id='line_1_35' title="bbox 279 3328 1445 3429; baseline -0.007 -20"><span class='ocrx_word' id='word_1_311' title='bbox 279 3358 340 3410; x_wconf 91' lang='lat' dir='ltr'>erat</span> <span class='ocrx_word' id='word_1_312' title='bbox 359 3346 618 3427; x_wconf 86' lang='lat' dir='ltr'>poenitentiarius,</span> <span class='ocrx_word' id='word_1_313' title='bbox 635 3347 683 3428; x_wconf 92' lang='lat' dir='ltr'>qni</span> <span class='ocrx_word' id='word_1_314' title='bbox 702 3347 816 3408; x_wconf 77' lang='lat' dir='ltr'>Romae</span> <span class='ocrx_word' id='word_1_315' title='bbox 833 3368 891 3410; x_wconf 88' lang='lat' dir='ltr'>nnn</span> <span class='ocrx_word' id='word_1_316' title='bbox 909 3357 972 3409; x_wconf 90' lang='lat' dir='ltr'>erat</span> <span class='ocrx_word' id='word_1_317' title='bbox 987 3352 1252 3429; x_wconf 82' lang='lat' dir='ltr'>cumqneeundem</span> <span class='ocrx_word' id='word_1_318' title='bbox 1270 3347 1299 3407; x_wconf 89' lang='lat' dir='ltr'>in</span> <span class='ocrx_word' id='word_1_319' title='bbox 1317 3339 1362 3404; x_wconf 85' lang='lat' dir='ltr'>ills</span> <span class='ocrx_word' id='word_1_320' title='bbox 1374 3328 1445 3398; x_wconf 73' lang='lat' dir='ltr'>subb-</span> 
     </span>
     <span class='ocr_line' id='line_1_36' title="bbox 277 3414 1445 3517; baseline -0.004 -20"><span class='ocrx_word' id='word_1_321' title='bbox 277 3444 336 3497; x_wconf 87' lang='lat' dir='ltr'>tnm</span> <span class='ocrx_word' id='word_1_322' title='bbox 352 3434 445 3496; x_wconf 86' lang='lat' dir='ltr'>inisse</span> <span class='ocrx_word' id='word_1_323' title='bbox 460 3434 549 3516; x_wconf 88' lang='lat' dir='ltr'>paulo</span> <span class='ocrx_word' id='word_1_324' title='bbox 565 3444 632 3514; x_wconf 89' lang='lat' dir='ltr'>post</span> <span class='ocrx_word' id='word_1_325' title='bbox 646 3436 750 3511; x_wconf 88' lang='lat' dir='ltr'>addat,</span> <span class='ocrx_word' id='word_1_326' title='bbox 782 3434 929 3497; x_wconf 84' lang='lat' dir='ltr'>sublatum</span> <span class='ocrx_word' id='word_1_327' title='bbox 945 3436 1013 3517; x_wconf 89' lang='lat' dir='ltr'>qnid</span> <span class='ocrx_word' id='word_1_328' title='bbox 1033 3436 1127 3498; x_wconf 85' lang='lat' dir='ltr'>inisse</span> <span class='ocrx_word' id='word_1_329' title='bbox 1152 3436 1222 3501; x_wconf 85' lang='lat' dir='ltr'>inde</span> <span class='ocrx_word' id='word_1_330' title='bbox 1237 3431 1371 3515; x_wconf 83' lang='lat' dir='ltr'>sequitur,</span> <span class='ocrx_word' id='word_1_331' title='bbox 1386 3414 1445 3503; x_wconf 56' lang='grc' dir='ltr'><em>Μ</em></span> 
     </span>
    </p>

    <p class='ocr_par' dir='ltr' id='par_1_7' title="bbox 181 3502 1444 4575">
     <span class='ocr_line' id='line_1_37' title="bbox 207 3502 1444 3606; baseline -0.002 -21"><span class='ocrx_word' id='word_1_332' title='bbox 207 3587 210 3595; x_wconf 21' lang='grc'><em>1</em></span> <span class='ocrx_word' id='word_1_333' title='bbox 278 3545 343 3585; x_wconf 90' lang='lat' dir='ltr'>cnm</span> <span class='ocrx_word' id='word_1_334' title='bbox 360 3523 472 3586; x_wconf 79' lang='lat' dir='ltr'>Rornae</span> <span class='ocrx_word' id='word_1_335' title='bbox 490 3543 548 3583; x_wconf 91' lang='lat' dir='ltr'>nnn</span> <span class='ocrx_word' id='word_1_336' title='bbox 566 3533 661 3601; x_wconf 87' lang='lat' dir='ltr'>essct,</span> <span class='ocrx_word' id='word_1_337' title='bbox 688 3545 743 3585; x_wconf 90' lang='lat' dir='ltr'>nec</span> <span class='ocrx_word' id='word_1_338' title='bbox 757 3521 867 3585; x_wconf 86' lang='lat' dir='ltr'>ibidem</span> <span class='ocrx_word' id='word_1_339' title='bbox 887 3524 973 3586; x_wconf 60' lang='lat' dir='ltr'>mam</span> <span class='ocrx_word' id='word_1_340' title='bbox 990 3543 1178 3605; x_wconf 77' lang='lat' dir='ltr'>perseverare</span> <span class='ocrx_word' id='word_1_341' title='bbox 1203 3522 1303 3606; x_wconf 76' lang='lat' dir='ltr'>poturit</span> <span class='ocrx_word' id='word_1_342' title='bbox 1333 3549 1369 3564; x_wconf 70' lang='lat'>-</span> <span class='ocrx_word' id='word_1_343' title='bbox 1395 3502 1444 3591; x_wconf 58' lang='lat' dir='ltr'>bit</span> 
     </span>
     <span class='ocr_line' id='line_1_38' title="bbox 181 3598 1444 3694; baseline -0.009 -20"><span class='ocrx_word' id='word_1_344' title='bbox 181 3682 183 3685; x_wconf 10' lang='grc' dir='ltr'><em>Α</em></span> <span class='ocrx_word' id='word_1_345' title='bbox 275 3610 393 3674; x_wconf 81' lang='lat' dir='ltr'>Exinde</span> <span class='ocrx_word' id='word_1_346' title='bbox 410 3622 506 3674; x_wconf 85' lang='lat' dir='ltr'>nutem</span> <span class='ocrx_word' id='word_1_347' title='bbox 524 3611 646 3674; x_wconf 88' lang='lat' dir='ltr'>ulterius</span> <span class='ocrx_word' id='word_1_348' title='bbox 662 3623 793 3693; x_wconf 86' lang='lat' dir='ltr'>apparet,</span> <span class='ocrx_word' id='word_1_349' title='bbox 811 3634 896 3694; x_wconf 83' lang='lat' dir='ltr'>qnam</span> <span class='ocrx_word' id='word_1_350' title='bbox 912 3613 1011 3675; x_wconf 89' lang='lat' dir='ltr'>aliena</span> <span class='ocrx_word' id='word_1_351' title='bbox 1028 3612 1067 3673; x_wconf 84' lang='lat' dir='ltr'>sit</span> <span class='ocrx_word' id='word_1_352' title='bbox 1082 3633 1100 3673; x_wconf 89' lang='lat' dir='ltr'>a</span> <span class='ocrx_word' id='word_1_353' title='bbox 1114 3614 1237 3674; x_wconf 80' lang='lat' dir='ltr'>veritate</span> <span class='ocrx_word' id='word_1_354' title='bbox 1253 3608 1305 3672; x_wconf 88' lang='lat' dir='ltr'>riri</span> <span class='ocrx_word' id='word_1_355' title='bbox 1320 3598 1384 3667; x_wconf 80' lang='lat' dir='ltr'>cond</span> <span class='ocrx_word' id='word_1_356' title='bbox 1397 3609 1444 3656; x_wconf 74' lang='lat' dir='ltr'>ttl‘</span> 
     </span>
     <span class='ocr_line' id='line_1_39' title="bbox 276 3683 1444 3782; baseline -0.003 -21"><span class='ocrx_word' id='word_1_357' title='bbox 276 3701 375 3777; x_wconf 89' lang='lat' dir='ltr'>tentia,</span> <span class='ocrx_word' id='word_1_358' title='bbox 395 3702 462 3761; x_wconf 88' lang='lat' dir='ltr'>dnm</span> <span class='ocrx_word' id='word_1_359' title='bbox 479 3700 692 3780; x_wconf 88' lang='lat' dir='ltr'>poenitentiam</span> <span class='ocrx_word' id='word_1_360' title='bbox 706 3703 792 3762; x_wconf 89' lang='lat' dir='ltr'>modo</span> <span class='ocrx_word' id='word_1_361' title='bbox 810 3700 965 3782; x_wconf 84' lang='lat' dir='ltr'>publicam,</span> <span class='ocrx_word' id='word_1_362' title='bbox 985 3721 1044 3761; x_wconf 92' lang='lat' dir='ltr'>non</span> <span class='ocrx_word' id='word_1_363' title='bbox 1061 3712 1157 3763; x_wconf 86' lang='lat' dir='ltr'>antem</span> <span class='ocrx_word' id='word_1_364' title='bbox 1175 3696 1375 3761; x_wconf 72' lang='lat' dir='ltr'>contemtores</span> <span class='ocrx_word' id='word_1_365' title='bbox 1389 3683 1444 3744; x_wconf 70' lang='lat'>0⁶¹⁶</span> 
     </span>
     <span class='ocr_line' id='line_1_40' title="bbox 276 3776 1444 3869; baseline -0.006 -20"><span class='ocrx_word' id='word_1_366' title='bbox 276 3786 465 3869; x_wconf 86' lang='lat' dir='ltr'>stantinopoli</span> <span class='ocrx_word' id='word_1_367' title='bbox 482 3790 653 3868; x_wconf 77' lang='lat' dir='ltr'>abrogatam</span> <span class='ocrx_word' id='word_1_368' title='bbox 669 3788 767 3851; x_wconf 85' lang='lat' dir='ltr'>fuisse</span> <span class='ocrx_word' id='word_1_369' title='bbox 782 3790 893 3850; x_wconf 80' lang='lat' dir='ltr'>scribit.</span> <span class='ocrx_word' id='word_1_370' title='bbox 924 3789 1042 3850; x_wconf 86' lang='lat' dir='ltr'>Diserte</span> <span class='ocrx_word' id='word_1_371' title='bbox 1062 3788 1201 3850; x_wconf 84' lang='lat' dir='ltr'>Socrates</span> <span class='ocrx_word' id='word_1_372' title='bbox 1223 3789 1241 3848; x_wconf 90' lang='lat' dir='ltr'>l.</span> <span class='ocrx_word' id='word_1_373' title='bbox 1257 3784 1277 3847; x_wconf 91' lang='lat' dir='ltr'>l.</span> <span class='ocrx_word' id='word_1_374' title='bbox 1299 3776 1444 3845; x_wconf 67' lang='lat' dir='ltr'>constituit!</span> 
     </span>
     <span class='ocr_line' id='line_1_41' title="bbox 276 3856 1443 3955; baseline -0.003 -19"><span class='ocrx_word' id='word_1_375' title='bbox 276 3894 342 3936; x_wconf 89' lang='lat' dir='ltr'>eum</span> <span class='ocrx_word' id='word_1_376' title='bbox 359 3874 389 3935; x_wconf 88' lang='lat' dir='ltr'>in</span> <span class='ocrx_word' id='word_1_377' title='bbox 404 3873 491 3936; x_wconf 85' lang='lat' dir='ltr'>linem</span> <span class='ocrx_word' id='word_1_378' title='bbox 513 3880 713 3955; x_wconf 77' lang='lat' dir='ltr'>presbyterum</span> <span class='ocrx_word' id='word_1_379' title='bbox 732 3875 783 3935; x_wconf 75' lang='grc' dir='ltr'>ἐπὶ</span> <span class='ocrx_word' id='word_1_380' title='bbox 805 3877 985 3954; x_wconf 79' lang='grc' dir='ltr'><strong><em>μετανοίας,</em></strong></span> <span class='ocrx_word' id='word_1_381' title='bbox 1019 3861 1103 3946; x_wconf 75' lang='grc' dir='ltr'>ὅπως</span> <span class='ocrx_word' id='word_1_382' title='bbox 1126 3876 1157 3936; x_wconf 86' lang='lat' dir='ltr'>oi</span> <span class='ocrx_word' id='word_1_383' title='bbox 1179 3863 1256 3953; x_wconf 81' lang='lat' dir='ltr'>perri</span> <span class='ocrx_word' id='word_1_384' title='bbox 1274 3860 1309 3932; x_wconf 79' lang='lat' dir='ltr'>ri</span> <span class='ocrx_word' id='word_1_385' title='bbox 1322 3856 1443 3950; x_wconf 46' lang='grc' dir='ltr'>βόωψ</span> 
     </span>
     <span class='ocr_line' id='line_1_42' title="bbox 274 3945 1443 4047; baseline 0.003 -24"><span class='ocrx_word' id='word_1_386' title='bbox 274 3960 461 4032; x_wconf 77' lang='grc' dir='ltr'><strong><em>πταίσαντες</em></strong></span> <span class='ocrx_word' id='word_1_387' title='bbox 489 3961 541 4022; x_wconf 75' lang='lat' dir='ltr'>ent</span> <span class='ocrx_word' id='word_1_388' title='bbox 557 3961 615 4025; x_wconf 76' lang='lat' dir='ltr'>rori</span> <span class='ocrx_word' id='word_1_389' title='bbox 637 3958 882 4045; x_wconf 65' lang='grc' dir='ltr'>προβληθέντος</span> <span class='ocrx_word' id='word_1_390' title='bbox 905 3961 1020 4025; x_wconf 83' lang='grc' dir='ltr'><strong><em>τοῦτου</em></strong></span> <span class='ocrx_word' id='word_1_391' title='bbox 1046 3962 1264 4047; x_wconf 76' lang='grc' dir='ltr'><strong><em>πρεσβυτέρου</em></strong></span> <span class='ocrx_word' id='word_1_392' title='bbox 1280 3945 1443 4032; x_wconf 52' lang='grc' dir='ltr'>ἕξομθλθῖω*</span> 
     </span>
     <span class='ocr_line' id='line_1_43' title="bbox 274 4039 1444 4135; baseline -0.002 -26"><span class='ocrx_word' id='word_1_393' title='bbox 274 4069 328 4110; x_wconf 84' lang='grc' dir='ltr'>ταν</span> <span class='ocrx_word' id='word_1_394' title='bbox 350 4039 389 4110; x_wconf 77' lang='grc' dir='ltr'>τὰ</span> <span class='ocrx_word' id='word_1_395' title='bbox 411 4039 635 4135; x_wconf 75' lang='grc' dir='ltr'><strong><em>ἁμαρτήματα,</em></strong></span> <span class='ocrx_word' id='word_1_396' title='bbox 663 4071 727 4111; x_wconf 88' lang='lat' dir='ltr'>cum</span> <span class='ocrx_word' id='word_1_397' title='bbox 753 4059 826 4110; x_wconf 91' lang='lat' dir='ltr'>teste</span> <span class='ocrx_word' id='word_1_398' title='bbox 849 4058 908 4110; x_wconf 86' lang='lat' dir='ltr'>tota</span> <span class='ocrx_word' id='word_1_399' title='bbox 932 4051 1077 4113; x_wconf 86' lang='lat' dir='ltr'>eeclesiae</span> <span class='ocrx_word' id='word_1_400' title='bbox 1093 4049 1277 4113; x_wconf 80' lang='lat' dir='ltr'>multitudine</span> <span class='ocrx_word' id='word_1_401' title='bbox 1292 4040 1444 4107; x_wconf 65' lang='lat' dir='ltr'>„eminet</span> 
     </span>
     <span class='ocr_line' id='line_1_44' title="bbox 275 4112 1444 4219; baseline -0.003 -18"><span class='ocrx_word' id='word_1_402' title='bbox 275 4138 415 4218; x_wconf 70' lang='lat' dir='ltr'>evulgare</span> <span class='ocrx_word' id='word_1_403' title='bbox 440 4157 531 4219; x_wconf 84' lang='lat' dir='ltr'>grane</span> <span class='ocrx_word' id='word_1_404' title='bbox 557 4139 720 4200; x_wconf 76' lang='lat' dir='ltr'>fuissetne</span> <span class='ocrx_word' id='word_1_405' title='bbox 749 4133 914 4199; x_wconf 88' lang='lat' dir='ltr'>molestum.</span> <span class='ocrx_word' id='word_1_406' title='bbox 962 4139 1052 4200; x_wconf 75' lang='lat' dir='ltr'>Hunc</span> <span class='ocrx_word' id='word_1_407' title='bbox 1077 4160 1150 4217; x_wconf 79' lang='lat' dir='ltr'>ergo</span> <span class='ocrx_word' id='word_1_408' title='bbox 1175 4138 1225 4199; x_wconf 79' lang='grc' dir='ltr'>ἐπὶ</span> <span class='ocrx_word' id='word_1_409' title='bbox 1244 4134 1301 4216; x_wconf 67' lang='grc' dir='ltr'>τῆς</span> <span class='ocrx_word' id='word_1_410' title='bbox 1321 4112 1444 4212; x_wconf 42' lang='lat' dir='ltr'>pettit&amp;</span> 
     </span>
     <span class='ocr_line' id='line_1_45' title="bbox 275 4216 1444 4309; baseline 0 -22"><span class='ocrx_word' id='word_1_411' title='bbox 275 4227 474 4309; x_wconf 79' lang='lat' dir='ltr'>presbyterum</span> <span class='ocrx_word' id='word_1_412' title='bbox 503 4248 567 4288; x_wconf 88' lang='lat' dir='ltr'>cunr</span> <span class='ocrx_word' id='word_1_413' title='bbox 596 4226 626 4285; x_wconf 90' lang='lat' dir='ltr'>in</span> <span class='ocrx_word' id='word_1_414' title='bbox 648 4222 972 4304; x_wconf 75' lang='lat' dir='ltr'>Constantinopolitano</span> <span class='ocrx_word' id='word_1_415' title='bbox 998 4224 1126 4290; x_wconf 89' lang='lat' dir='ltr'>eeclesia</span> <span class='ocrx_word' id='word_1_416' title='bbox 1150 4227 1293 4290; x_wconf 77' lang='lat' dir='ltr'>sublatum</span> <span class='ocrx_word' id='word_1_417' title='bbox 1309 4240 1326 4281; x_wconf 79' lang='lat' dir='ltr'>tt</span> <span class='ocrx_word' id='word_1_418' title='bbox 1341 4216 1444 4304; x_wconf 54' lang='grc' dir='ltr'>ΝΜ</span> 
     </span>
     <span class='ocr_line' id='line_1_46' title="bbox 273 4300 1442 4396; baseline -0.007 -20"><span class='ocrx_word' id='word_1_419' title='bbox 273 4315 367 4376; x_wconf 68' lang='lat' dir='ltr'>iubae</span> <span class='ocrx_word' id='word_1_420' title='bbox 382 4314 485 4376; x_wconf 88' lang='lat' dir='ltr'>iisdem</span> <span class='ocrx_word' id='word_1_421' title='bbox 501 4312 576 4376; x_wconf 85' lang='lat' dir='ltr'>locis</span> <span class='ocrx_word' id='word_1_422' title='bbox 594 4324 715 4394; x_wconf 84' lang='lat' dir='ltr'>uterque</span> <span class='ocrx_word' id='word_1_423' title='bbox 737 4311 914 4393; x_wconf 79' lang='lat' dir='ltr'>scriptorum</span> <span class='ocrx_word' id='word_1_424' title='bbox 929 4316 1041 4392; x_wconf 89' lang='lat' dir='ltr'>tradat,</span> <span class='ocrx_word' id='word_1_425' title='bbox 1066 4314 1161 4396; x_wconf 90' lang='lat' dir='ltr'>ipsam</span> <span class='ocrx_word' id='word_1_426' title='bbox 1179 4331 1292 4396; x_wconf 85' lang='lat' dir='ltr'>queque</span> <span class='ocrx_word' id='word_1_427' title='bbox 1303 4300 1442 4372; x_wconf 66' lang='grc' dir='ltr'>-αονῙνῦἸορ</span> 
     </span>
     <span class='ocr_line' id='line_1_47' title="bbox 272 4374 1443 4485; baseline 0.003 -23"><span class='ocrx_word' id='word_1_428' title='bbox 272 4421 340 4462; x_wconf 88' lang='lat' dir='ltr'>nem</span> <span class='ocrx_word' id='word_1_429' title='bbox 356 4421 423 4463; x_wconf 87' lang='lat' dir='ltr'>curn</span> <span class='ocrx_word' id='word_1_430' title='bbox 440 4404 541 4463; x_wconf 86' lang='lat' dir='ltr'>eodem</span> <span class='ocrx_word' id='word_1_431' title='bbox 559 4389 730 4482; x_wconf 73' lang='lat' dir='ltr'>abrogauirn</span> <span class='ocrx_word' id='word_1_432' title='bbox 750 4400 847 4464; x_wconf 82' lang='lat' dir='ltr'>inisse</span> <span class='ocrx_word' id='word_1_433' title='bbox 866 4402 1021 4465; x_wconf 81' lang='lat' dir='ltr'>manifeste</span> <span class='ocrx_word' id='word_1_434' title='bbox 1039 4402 1145 4466; x_wconf 77' lang='lat' dir='ltr'>exinde</span> <span class='ocrx_word' id='word_1_435' title='bbox 1163 4404 1300 4485; x_wconf 77' lang='lat' dir='ltr'>sequitur.</span> <span class='ocrx_word' id='word_1_436' title='bbox 1326 4425 1364 4440; x_wconf 68' lang='lat'>-‘</span> <span class='ocrx_word' id='word_1_437' title='bbox 1390 4374 1443 4465; x_wconf 54' lang='lat' dir='ltr'>ii·</span> 
     </span>
     <span class='ocr_line' id='line_1_48' title="bbox 273 4482 1442 4575; baseline -0.006 -24"><span class='ocrx_word' id='word_1_438' title='bbox 273 4487 402 4560; x_wconf 83' lang='lat' dir='ltr'>Ulterius</span> <span class='ocrx_word' id='word_1_439' title='bbox 419 4489 639 4571; x_wconf 79' lang='lat' dir='ltr'>confirmantur,</span> <span class='ocrx_word' id='word_1_440' title='bbox 662 4490 740 4574; x_wconf 80' lang='lat' dir='ltr'>q&#39;rrae</span> <span class='ocrx_word' id='word_1_441' title='bbox 757 4491 836 4570; x_wconf 84' lang='lat' dir='ltr'>dixi,</span> <span class='ocrx_word' id='word_1_442' title='bbox 860 4494 939 4572; x_wconf 83' lang='lat' dir='ltr'>qnod</span> <span class='ocrx_word' id='word_1_443' title='bbox 955 4501 1082 4575; x_wconf 82' lang='lat' dir='ltr'>remoto,</span> <span class='ocrx_word' id='word_1_444' title='bbox 1099 4491 1149 4574; x_wconf 83' lang='lat' dir='ltr'>qni</span> <span class='ocrx_word' id='word_1_445' title='bbox 1162 4483 1367 4574; x_wconf 67' lang='lat' dir='ltr'>poenitentibm</span> <span class='ocrx_word' id='word_1_446' title='bbox 1379 4482 1442 4554; x_wconf 58' lang='lat' dir='ltr'>itti·</span> 
     </span>
    </p>
   </div>
   <div class='ocr_carea' id='block_1_7' title="bbox 1216 4700 1230 4732">
    <p class='ocr_par' dir='ltr' id='par_1_8' title="bbox 1216 4700 1230 4732">
     <span class='ocr_line' id='line_1_49' title="bbox 1216 4700 1230 4732; baseline 0 -2"><span class='ocrx_word' id='word_1_447' title='bbox 1216 4700 1230 4732; x_wconf 64' lang='lat' dir='ltr'>k</span> 
     </span>
    </p>
   </div>
   <div class='ocr_carea' id='block_1_8' title="bbox 0 0 1538 5075">
    <p class='ocr_par' dir='ltr' id='par_1_9' title="bbox 0 0 1538 5075">
     <span class='ocr_line' id='line_1_50' title="bbox 0 0 1538 5075; baseline 0 3"><span class='ocrx_word' id='word_1_448' title='bbox 0 0 1538 5075; x_wconf 95' lang='lat' dir='ltr'> </span> 
     </span>
    </p>
   </div>
  </div>
 </body>
</html>
