3067 5075
376 229 414 290 ds
428 225 534 299 ritibus
549 224 775 309 instructions
789 245 855 293 seor
869 226 1004 294 secundi.
1249 225 1293 293 bb

77 424 165 485 spere
183 401 378 479 eontinentur,
394 401 561 469 conditione
578 401 732 484 petitorum
749 403 853 467 roboro
868 401 1004 467 eddonis
1014 401 1045 483 *)
1059 420 1124 464 ssm
1139 396 1295 483 ἐπίκρισιν

76 491 233 568 subnectit,
251 511 326 572 quse
342 511 361 552 a
376 491 429 553 Da
439 490 537 554 lloei
555 501 727 569 montenou
741 493 898 555 admodum
914 490 1034 569 recedit,
1048 491 1106 552 hnc
1122 509 1226 568 nempe
1242 510 1293 551 rn-

77 584 154 649 tinne
178 579 454 643 sententiamsuam
480 580 701 660 pronuncians:
724 586 818 660 ntique
840 583 1039 660 interpolatum
1063 589 1132 641 msto
1152 581 1239 640 uideri
1262 584 1293 639 in

75 674 205 751 ρωήηιίο
221 671 292 730 bunc
309 667 549 733 constitutionum
556 672 688 746 epdopsn,
705 675 828 746 insertis,
844 667 1293 748 qrmsoinmclll.mceersden

77 770 129 821 tnr.
158 763 200 819 At
215 760 362 819 eobolinus
376 762 505 819 instituta
521 779 584 820 carn
597 763 709 836 seriptis
722 758 898 833 Tertulliani,
918 760 1056 835 Oripsnis,
1075 759 1216 834 Oppriani,
1232 775 1293 815 asos

77 849 195 910 bistonio
206 847 329 918 Eusebii,
344 867 407 907 cam
422 848 559 923 epacaret
574 846 713 918 doctrina,
729 846 862 923 moribus,
878 846 1037 925 discipline,
1053 844 1294 923 disputationibus,

78 936 221 1010 [cundum
237 939 330 1014 ctiqm
343 935 438 1011 fuerit,
455 935 579 1014 aliquant
593 940 620 994 si
635 955 691 995 uon
708 954 839 1011 rnupnont
852 935 955 995 bornus
967 928 1205 994 constitutionum
1221 952 1293 1011 pcr-

77 1033 128 1085 tens
142 1044 197 1083 sec.
214 1028 274 1083 111.
299 1023 407 1082 lubente
420 1022 480 1097 punt
496 1028 527 1083 in
543 1043 596 1083 usn
612 1025 741 1085 ecclesius
757 1023 865 1096 fnirscp
890 1030 922 1082 nt
937 1030 1023 1082 tatnrn
1039 1040 1109 1100 opus
1125 1010 1294 1099 drornys'an

78 1121 171 1190 postea
185 1114 412 1173 nomannorum
426 1112 529 1183 uideri,
551 1116 626 1173 mrsu
641 1110 723 1186 finem
744 1115 778 1171 V.
793 1131 864 1187 sec,
888 1111 986 1189 qnibns
1000 1119 1031 1170 nt
1046 1118 1116 1170 esset
1131 1114 1293 1184 auotoritas,

79 1205 227 1278 incomptae
241 1201 309 1259 illae
325 1199 515 1277 apostolorum
530 1208 565 1264 nrt
583 1200 729 1259 (lamentis
746 1203 866 1259 nantino.
904 1197 990 1274 Quae
1013 1217 1082 1259 vero
1099 1194 1187 1256 nobis
1205 1215 1241 1256 ea
1256 1196 1293 1256 de

84 1307 113 1346 re
130 1306 210 1348 ruens
227 1284 285 1363 sit,
309 1283 494 1346 brevissimis
512 1284 650 1363 audituri,
673 1285 706 1347 id
721 1286 799 1366 quod
815 1304 869 1364 per
885 1292 972 1346 totam
990 1283 1171 1346 attentionis
1187 1281 1294 1347 seriem

82 1371 263 1437 dissimulare
286 1371 390 1435 nullibi
413 1394 469 1434 nec
492 1373 642 1453 potuimus
658 1392 715 1434 uec
737 1368 899 1449 voluimus,
922 1371 970 1433 bio
993 1392 1111 1454 quoque
1136 1370 1293 1451 praecipuo

62 1461 142 1524 *loco
157 1462 349 1543 repetendum
365 1481 402 1523 ac
417 1453 819 1524 renunciandum‘tucimns:
843 1459 979 1522 nimirum
1001 1478 1057 1521 nos
1078 1459 1173 1521 neutri
1191 1460 1294 1521 borum

81 1549 251 1631 scriptorum
269 1559 379 1626 tantum
397 1548 580 1615 auctoritatis
599 1560 627 1612 et
643 1548 711 1611 lidei
728 1568 941 1626 concessuros,
965 1557 997 1611 ut
1013 1569 1094 1626 earu,
1120 1568 1205 1630 quam
1221 1567 1293 1627 prae

82 1638 243 1717 scierunt,
268 1647 391 1701 aetatem
407 1636 481 1719 ipsis
500 1636 661 1701 tribuentes
677 1648 765 1719 atque
788 1634 818 1697 iu
843 1657 944 1699 eurum
960 1635 1057 1699 verbis
1075 1647 1104 1698 ot
1120 1633 1293 1699 testimoniis

82 1726 320 1807 acquiescentes,
335 1723 589 1806 antebaptismnlis
605 1725 753 1788 unctionis
772 1724 915 1806 originem
932 1734 961 1787 et
977 1723 1210 1788 observationem
1228 1743 1293 1785 oum

81 1814 184 1896 reliquo
201 1813 429 1877 cerimoniarum
444 1815 482 1875 ad
504 1813 585 1876 illam
607 1813 813 1895 pertinentium
831 1810 1003 1893 complexu,
1028 1812 1182 1889 inbosco,
1207 1812 1293 1893 eujus

84 1902 280 1983 baptismalem
293 1901 444 1964 historiam
459 1902 604 1964 hacteuus
620 1901 833 1979 recensuimus,
847 1920 919 1963 aero
935 1911 1097 1963 statuamus
1113 1901 1293 1983 reponenda.

82 1989 158 2053 biert
174 1991 254 2053 enim
271 1989 356 2053 nobis
371 2011 430 2052 non
455 1990 618 2053 omnimode
634 1990 763 2053 arrideat
787 2010 887 2051 eorum
904 1988 1071 2064 sententia,
1090 1988 1138 2070 qui
1162 1988 1259 2049 auimo
1276 2008 1294 2050 s

82 2076 173 2140 rituali
189 2077 397 2143 ecclesiastico
415 2077 497 2140 cultu
520 2078 589 2159 plns
612 2079 694 2159 justo
710 2075 808 2141 alieno
825 2080 861 2139 de
884 2076 1015 2157 ipsorum
1038 2077 1146 2138 rituum
1162 2075 1293 2157 antiqui-

84 2173 144 2243 nte,
163 2166 356 2251 inquantum
375 2187 512 2248 suprema
529 2165 761 2229 testimoniorum
778 2187 835 2227 non
853 2165 986 2247 prohibet
1003 2164 1158 2242 euidentia,
1183 2175 1294 2246 promto

86 2254 222 2321 detrahere
245 2254 343 2336 iisque
359 2255 495 2317 ueritatis
513 2264 609 2319 notam
625 2252 715 2317 fercile
731 2254 850 2317 inurere
866 2257 992 2331 student,
1007 2273 1123 2335 uosque
1134 2251 1203 2315 inde
1217 2273 1293 2314 unc-

85 2341 161 2405 tionis
177 2341 274 2421 illius,
298 2342 384 2425 cujus
402 2340 607 2406 Tertullianus
623 2342 655 2404 in
673 2342 858 2407 enarratione
873 2336 1100 2405 ‘cerimoniarum
1118 2341 1293 2423 baptismum

84 2426 274 2499 inscrutatum
291 2429 438 2510 meminit,
463 2452 565 2495 cauam
591 2432 726 2494 lubenter
748 2449 949 2514 agnoscamus
969 2441 1095 2494 aetatem
1114 2432 1294 2512 eandemque

90 2575 304 2594 “ht-n*

148 2670 674 2741 *)lris10r.ebr.sec.3.p.784seq.
709 2682 768 2730 tom,
789 2671 813 2726 1.
839 2691 909 2741 oper.
946 2674 973 2725 Si
1001 2690 1048 2725 non
1070 2674 1229 2741 temporibus
1249 2667 1294 2726 Ni-

89 2741 153 2792 sssui
176 2743 283 2794 concilii
304 2744 435 2794 recentius
455 2759 528 2811 opus,
555 2743 745 2811 supposititium
766 2744 859 2795 saltem
882 2741 945 2795 illud
963 2745 994 2794 'et
1013 2744 1148 2810 scriptoris
1169 2759 1223 2795 seo.
1246 2742 1293 2795 tlt.

89 2806 174 2862 bomin
197 2828 272 2876 esse,
303 2813 444 2864 seeundum
464 2828 623 2864 communem
649 2812 761 2864 omnium
787 2814 947 2876 cruditorum
967 2814 1122 2865 sententium
1148 2814 1242 2879 probat
1261 2829 1293 2866 cx

89 2874 166 2931 Patr.
184 2881 220 2933 dc
238 2880 355 2933 Marcu
375 2882 407 2933 de
426 2883 562 2932 eoncordia
579 2882 720 2932 snemdotr's'
736 2891 761 2931 et
783 2884 887 2949 ratperti
900 2883 928 2946 3,
944 2885 970 2945 2,
996 2882 1074 2932 Dav.
1102 2883 1293 2950 blondello,

90 2947 126 3011 qni
142 2947 166 3000 id
182 2951 215 3001 sd
240 2967 337 3002 nanum
358 2952 465 3002 circiter
483 2952 544 3007 280.
567 2950 648 3001 refert
667 2958 695 3001 et
714 2948 853 3001 Morino
879 2949 1004 3018 aliisque,
1033 2952 1076 3018 qui
1097 2950 1159 3001 illud
1179 2950 1294 3006 Nicaeae

92 3025 146 3067 saro
163 3021 293 3088 antiquius
312 3021 404 3072 saltem
429 3035 486 3071 csse
509 3025 637 3070 statuunt.
672 3019 785 3070 adducit
805 3020 887 3087 ipsum
908 3018 1108 3084 Patavium,
1133 3021 1198 3070 satis
1218 3026 1294 3072 acute

91 3084 270 3153 conjicientem,
290 3104 335 3141 ens
353 3095 430 3157 prout
449 3105 516 3140 nunc
532 3089 656 3141 habemns
676 3088 870 3139 comisationes
889 3104 921 3140 ne
940 3089 1042 3155 quidem
1060 3088 1187 3155 prodiisse
1206 3095 1294 3142 aetate

91 3148 231 3225 bobium,
252 3159 298 3226 qni
316 3160 344 3210 in
361 3158 541 3210 controversis
560 3158 763 3210 combutionis
781 3158 814 3210 iis
831 3159 946 3226 alioquin
966 3173 1088 3226 perquam
1106 3159 1238 3210 commode
1256 3159 1295 3212 uti

91 3224 218 3293 nominet,
241 3228 310 3296 quod
328 3236 400 3279 certe
419 3228 455 3279 nil
473 3227 543 3279 eliud
562 3236 611 3292 est,
633 3243 708 3295 quum
728 3229 791 3295 ipsis
811 3231 941 3282 couniret.
962 3234 1020 3296 post
1038 3243 1091 3278 sec.
1115 3226 1158 3279 lV.
1178 3235 1295 3296 tempora

92 3290 201 3355 originem
219 3298 321 3348 demum
340 3313 413 3348 sunm
431 3297 539 3348 totidem
557 3297 645 3348 verbis
664 3298 825 3361 adsignassc.
862 3297 942 3349 Addit
959 3299 1030 3348 bisce
1050 3297 1222 3349 testimoninm
1239 3296 1295 3350 Us-

93 3361 166 3413 serii
183 3365 295 3434 itemque
314 3366 449 3417 Deliaci
470 3373 496 3417 et
513 3365 706 3432 Psursonii,
726 3381 833 3432 qnorum
853 3374 963 3434 uterquc
980 3367 1065 3434 pilariis
1083 3366 1171 3418 verbis
1190 3368 1222 3417 sd
1239 3383 1293 3418 see.

93 3423 121 3477 V.
135 3429 204 3485 tren
222 3451 270 3487 ess
288 3435 374 3501 rejicit
392 3451 423 3487 nc
445 3436 547 3500 deinde,
568 3436 594 3485 in
613 3436 699 3503 capite
717 3450 813 3487 cnosso
834 3451 928 3500 magna
946 3453 979 3488 ex
997 3443 1071 3502 purte
1091 3436 1294 3503 consentientes,

94 3494 177 3576 tllnssot
193 3520 227 3556 ex
244 3501 388 3557 pontificiis
403 3505 672 3572 Albuspinoeum
696 3511 724 3555 et
748 3505 911 3558 doctissimos
931 3507 1045 3559 lesuitas
1066 3504 1294 3572 Lanuuinum,

94 3557 284 3639 bosnltium,
321 3573 539 3625 Halioiaium.
587 3572 673 3640 Ipsum
700 3589 763 3624 vero
795 3583 1019 3638 argumentorum,
1055 3590 1087 3624 ex
1116 3581 1295 3626 contentorum

94 3639 313 3710 recusantesque
332 3642 508 3696 exvinteriori
536 3643 638 3707 indole,
665 3658 740 3709 quam
766 3643 821 3710 ipsa
847 3644 932 3709 operis
958 3643 1083 3710 inspectio
1103 3643 1224 3709 exbibet,
1252 3645 1296 3696 de-

94 3712 235 3780 pnnnrnm
254 3712 363 3779 pondus,
385 3727 434 3777 quo
455 3712 487 3763 ud
505 3712 687 3763 stabiliendum
706 3727 781 3763 sunm
800 3711 912 3776 effatum,
934 3712 1069 3764 materians
1088 3712 1190 3764 scilicet
1209 3713 1295 3780 operis

95 3781 208 3842 tterquuc
225 3796 281 3833 soc.
300 3780 346 3832 111.
367 3788 454 3832 aetate
471 3782 589 3845 viguere,
611 3781 714 3848 placitis
732 3788 760 3832 et
780 3783 916 3833 sententiis
933 3783 1061 3834 eeclesiae
1081 3783 1215 3834 admodum
1235 3793 1296 3834 cont·

96 3850 214 3900 missu
234 3867 308 3917 esse,
328 3851 425 3914 utitur,
447 3851 615 3917 sequentibus
634 3851 746 3902 numeris
764 3852 893 3918 proponit,
916 3853 982 3918 quod
1002 3852 1120 3903 nimirum
1138 3853 1297 3902 constitutio-

95 3920 134 3976 *fr
148 3912 205 3967 illae
221 3920 409 3985 impnselenls'ns
426 3929 487 3969 onte
504 3921 613 3970 Ariana
630 3928 747 3985 tempora
765 3922 797 3972 de
813 3918 867 3983 tilio
885 3930 909 3970 et
923 3923 1025 3986 Spiritu
1042 3925 1068 3974 S.
1086 3924 1243 3989 loqrsanlnrp
1262 3923 1296 3971 nb

96 3971 327 4040 torneamenta
349 3989 550 4053 rebaptizandos
575 3990 731 4050 decernant3
759 3989 824 4039 eliens
844 3990 996 4054 paschalem
1015 3999 1104 4040 eontra
1128 3992 1295 4055 Quartodeci-

96 4056 173 4099 Μαι
189 4054 329 4120 definiuntp
349 4059 537 4125 aequinoctium
554 4058 676 4108 incidisse
693 4066 747 4107 tam
767 4059 876 4108 doceant
894 4060 922 4109 r’n
942 4060 968 4112 el.
988 4063 1083 4113 XXII.
1102 4061 1192 4109 martii
1198 4079 1207 4122 ,·
1228 4061 1296 4109 dan-

97 4110 150 4163 d‘l·
167 4126 352 4183 poenitentibus
370 4127 471 4176 mnium
490 4128 649 4177 eonus'tuant
666 4136 756 4177 eontra
775 4129 952 4196 Nooatianns3
975 4130 1082 4180 subdoli
1096 4130 1297 4179 obserentionern

99 4187 124 4227 ’ἶ
137 4183 196 4246 imi
209 4197 344 4260 sanciantp
362 4195 497 4263 jejunium
511 4196 620 4246 subbato
633 4204 737 4261 negent,
751 4205 936 4266 praeterquam
953 4214 1049 4263 magno
1066 4207 1091 4247 et
1108 4198 1296 4262 antepaschali,

99 4261 162 4303 treus
178 4275 208 4308 ae
224 4264 341 4331 deinceps
360 4267 389 4314 in
407 4269 526 4315 Romano
546 4268 654 4315 eeclesia
671 4266 829 4329 obtinueritq
850 4268 1025 4333 episcopor-nno
1043 4260 1192 4335 ὑπεροχὴν,
1210 4267 1296 4334 qualis

127 4336 215 4377 ‘ww
234 4335 390 4400 surrexeris,
414 4334 552 4384 stabiliant
577 4352 610 4383 ae
629 4335 662 4384 de
688 4334 886 4399 baptismalibus
911 4337 1019 4403 entem,
1040 4338 1072 4386 de
1097 4333 1294 4400 casertanensis,

100 4398 275 4468 ΨΜ,
299 4405 399 4470 lapsis,
420 4405 613 4469 poenitentibus
630 4412 677 4459 ete.
698 4420 732 4452 en
749 4407 850 4470 possim
865 4407 991 4474 tradant,
1016 4422 1085 4480 quae
1101 4406 1155 4457 ianr
1173 4421 1222 4465 see,
1239 4409 1295 4466 ΙΙΙ.

100 4450 152 4509 ‘¹²⁸²
166 4472 190 4514 θ’
205 4475 358 4549 repnsion
373 4474 518 4528 seculorum
537 4473 664 4530 nonnis
680 4473 830 4543 disciplina.
882 4501 887 4514 x
