3067 5075
254 267 320 359 sn
470 288 473 297 ’
545 265 560 288 ”
618 263 1189 376 ’ἱιῖ.’σιι·υρὶῆιἰιῐ’ᾰωῐίἰω“
1249 270 1253 275 ’

254 472 301 553 (nr
321 490 405 534 sumt.
426 468 462 532 dr
478 465 631 548 defundis)
652 465 803 545 adfirmat,
830 484 889 529 non
913 473 1026 530 tantum
1048 463 1288 544 nostrosnostros,
1310 465 1361 529 ded
1380 463 1449 531 etto

253 559 425 639 trigesimus
440 569 469 621 ot
484 557 727 639 quadragesimas
741 555 773 616 iu
790 555 994 617 defunctorum
1010 553 1163 623 utilitatem
1182 555 1297 634 redere,
1314 572 1350 616 ex
1363 564 1449 617 nudo·
1475 591 1487 627 ¹.

254 648 352 724 ribus,
372 646 439 708 diro
457 644 603 729 Gregorio
622 657 650 707 et
664 641 820 726 Dionysio,
841 652 870 705 ot
884 644 952 706 aliis
969 645 1112 724 putribus,
1135 662 1226 725 quam
1244 662 1304 704 rem
1322 643 1449 723 apostolos

255 735 440 816 adprobasse
463 733 560 796 tradit.
599 732 631 794 S.
658 732 829 795 Bonilaelus
853 731 903 809 (in
928 738 1009 812 epist.
1033 735 1073 795 od
1091 733 1240 794 diderinnt
1257 730 1386 807 almum)
1407 746 1448 810 pro

256 822 460 886 donnieutium
484 821 608 884 fratrum
634 820 790 893 animabus
812 839 897 882 oraro
917 820 1011 903 jobet.
1049 821 1205 900 neotgym
1232 818 1450 900 inestuans.

257 913 453 986 Bonifooinm:
472 909 549 989 „Pro
565 909 663 971 anima
679 908 770 990 patris
787 910 843 971 mei
859 926 963 988 preses
981 910 1017 969 sd
1029 907 1124 970 Duum
1141 906 1251 970 offerre
1263 926 1320 967 nou
1333 907 1450 967 rennes.“

257 996 386 1062 Carolus
404 998 449 1059 M.
468 999 535 1077 (lib.
553 995 586 1074 2,-
603 997 672 1078 et.)
699 1017 750 1077 pro
770 996 940 1078 pareatibus
959 995 1024 1057 suis
1044 1005 1072 1058 ut
1090 996 1197 1058 aminis
1215 1001 1297 1068 onst,
1321 1001 1348 1054 et
1363 992 1449 1077 prolis

256 1085 462 1169 eleemosynas
482 1085 640 1149 distribuit.
673 1084 803 1146 Mielrsel
831 1085 1026 1169 etProeopia
1050 1084 1248 1166 imperatores
1272 1081 1385 1143 Tanusii
1398 1099 1448 1141 nu·

257 1174 379 1238 moriam
401 1172 606 1237 anniversaria
624 1171 671 1233 dis
697 1170 884 1234 celebrarunt
906 1175 944 1234 ud
964 1169 1134 1254 sepulerum
1151 1173 1223 1254 ojus
1249 1172 1451 1251 (Arrotrebar-

256 1263 501 1341 'otnattnopolttont
524 1263 571 1323 lib.
590 1262 668 1342 dd).
702 1260 749 1322 Ex
773 1261 820 1322 liis
843 1260 936 1341 igitur
958 1270 1125 1322 sanctorum
1145 1271 1265 1341 patrum
1283 1256 1355 1319 loris
1372 1257 1451 1336 ignoto

257 1348 460 1431 purgatorium
479 1369 546 1410 esse
563 1348 637 1411 satis
654 1355 753 1429 aperte
769 1346 956 1428 intelligitur,
976 1349 1063 1437 enjus
1079 1358 1199 1430 praeter
1214 1346 1292 1411 alios
1309 1342 1452 1413 inamissi-

256 1454 324 1500 urus
336 1437 594 1517 auotorOrigenes
609 1435 651 1498 ita
666 1436 797 1498 meminit
814 1439 897 1518 (bon.
909 1439 941 1500 2.
953 1428 1042 1517 in'pa.
1053 1438 1136 1514 dd.):
1169 1436 1252 1517 „Est
1267 1434 1353 1509 bou,“
1369 1428 1450 1510 inquit,

256 1527 431 1607 „prorutum
449 1525 503 1602 ira,
523 1545 614 1587 unum
634 1545 672 1586 ex
689 1524 763 1601 illis,
786 1527 862 1605 qnod
879 1527 915 1586 ad
932 1523 1068 1587 ardilioia
1084 1524 1180 1587 mttere
1197 1525 1293 1606 ligna,
1311 1520 1451 1583 imnonrt

258 1613 406 1695 stipulam.
437 1612 476 1674 Et
492 1632 616 1674 neeosso
634 1621 679 1672 est
696 1612 866 1692 hujusmodi
882 1612 1021 1674 materias
1040 1613 1213 1694 perignem
1232 1609 1357 1693 probari,
1376 1607 1410 1668 ito
1428 1614 1451 1666 ut

259 1719 483 1782 permaneamus
506 1700 617 1760 tamdia
641 1699 671 1759 in
694 1698 783 1777 igne,
808 1701 902 1760 donee
919 1700 949 1759 in
969 1700 1056 1762 nobis
1072 1700 1346 1780 ligna-iracundiae
1363 1710 1450 1757 oonsu-

258 1800 377 1850 'muutnr
392 1795 420 1849 et
435 1786 556 1849 foenum
571 1785 785 1865 indignationis
803 1796 831 1847 ut
849 1786 958 1867 stipula
974 1791 1131 1850 verborum
1148 1809 1263 1861 eorum,
1281 1805 1353 1868 quau
1367 1782 1451 1867 iujos·

258 1875 337 1939 noti
354 1875 432 1938 vitiis
449 1874 589 1955 exagitati
606 1873 813 1957 protulimus.“
839 1875 877 1937 Et
891 1877 964 1939 bont.
978 1877 1008 1937 d.
1024 1883 1053 1937 in
1067 1880 1169 1957 pantos.
1185 1877 1286 1937 eund.-
1302 1869 1450 1951 „leniamus

258 1967 296 2026 ad
311 1961 397 2025 illum
412 1963 523 2042 ignem,
539 1963 570 2024 in
588 1983 644 2045 quo
661 1962 899 2044 uniuscujusque
915 1983 1001 2043 opus,
1019 1964 1105 2046 quale
1116 1964 1163 2039 sit,
1182 1963 1265 2044 ignis
1278 1956 1409 2042 probnbit,
1423 1963 1450 2029 rt,

258 2059 293 2114 ut
313 2070 371 2132 ego
390 2051 533 2125 arbitror,
551 2071 652 2113 omnes
670 2071 724 2112 nos
745 2051 845 2114 venire
862 2070 986 2112 neeesse
1004 2060 1049 2113 est
1070 2053 1108 2113 nd
1126 2050 1211 2113 illum
1229 2051 1343 2131 ignem,
1359 2039 1450 2107 utiensi

258 2139 372 2203 Paulus
396 2139 504 2216 aliquis
524 2136 563 2202 sit
585 2139 632 2201 rel
655 2138 779 2215 Petrus3
809 2138 887 2202 nouit
906 2148 1001 2200 tamen
1026 2141 1063 2201 nd
1087 2138 1170 2200 illum
1187 2142 1306 2220 ignem,
1331 2136 1377 2196 sud
1394 2129 1450 2193 tabu

258 2229 384 2290 audiunt
406 2227 496 2289 illud:
524 2225 636 2288 etiamsi
661 2247 714 2307 per
738 2227 839 2306 ignem
857 2225 1013 2305 transeas,
1039 2228 1154 2289 flamma
1180 2249 1243 2289 nou
1266 2233 1327 2287 urst
1348 2224 1398 2284 tr.“
1422 2214 1450 2283 dt

196 2363 204 2371 .
258 2319 332 2378 lium
351 2317 382 2376 8.
399 2321 429 2378 tn
446 2321 562 2377 Leottto.
577 2315 699 2393 adserit,
717 2334 800 2393 „eos,
817 2313 866 2397 qui
884 2325 1040 2394 prosatum
1055 2314 1275 2392 commiserunt,
1291 2313 1363 2395 qnod
1376 2320 1450 2387 nequo

258 2403 291 2465 in
308 2401 375 2478 lton,
395 2422 492 2485 neque
510 2401 542 2462 in
558 2403 658 2464 intuso
681 2401 785 2463 seculo
803 2401 972 2479 remittitor,
997 2423 1050 2484 per
1066 2406 1141 2465 duas
1159 2404 1341 2485 septimanus
1359 2409 1450 2457 nanno

258 2490 435 2566 immundos,
452 2492 505 2551 surl
521 2488 607 2552 tortia
622 2489 782 2572 incipiente
798 2490 919 2572 purgari
937 2491 974 2553 ab
991 2490 1206 2554 immunditia.“
1238 2491 1329 2553 Porro
1342 2479 1449 2548 tamid·

259 2586 290 2642 in
301 2581 417 2640 Euroia:
434 2577 548 2655 „Nubis
561 2577 651 2655 alia,“
666 2577 776 2659 inquit,
786 2589 962 2656 „servantur
973 2589 1125 2653 iurisiunis,
1140 2580 1190 2661 qui
1205 2579 1335 2643 videmur
1346 2572 1449 2639 oretur,

260 2676 289 2728 et
311 2666 342 2727 in
365 2664 431 2747 ipsa
454 2664 627 2728 credulitate
650 2686 828 2748 pereamus,
861 2669 899 2729 nb
923 2689 1022 2729 eornm
1041 2668 1210 2749 supplicio,
1237 2667 1284 2748 qni
1308 2682 1343 2724 ne
1359 2654 1448 2719 initium

259 2753 376 2836 quidem
402 2751 587 2816 credulitatis
613 2756 809 2818 nosocomos
843 2755 882 2817 Et
904 2758 952 2820 tit.
972 2758 1001 2821 5.
1029 2760 1262 2820 contacebunt:
1296 2741 1449 2830 „Singdllb

260 2842 369 2923 quibus
387 2843 558 2924 perignem
576 2841 621 2905 sal
640 2863 735 2923 poena
752 2844 791 2903 sit
807 2842 895 2904 simul
911 2856 939 2906 ot
956 2843 1108 2905 medicatio
1124 2844 1303 2916 adferenda,
1325 2828 1448 2915 ignisisb

259 2929 398 3009 amburit,
418 2949 475 2994 nou
494 2941 590 2993 tamon
610 2930 714 3008 exurit,
733 2938 765 2991 nt
784 2932 836 3013 qui
853 2931 894 2992 nil
911 2932 1029 3009 babent,
1049 2934 1126 3014 quod
1145 2952 1198 3012 per
1214 2925 1312 3012 ignens
1329 2924 1363 2985 sit
1378 2920 1449 2983 obss

258 3020 429 3082 meudum.“
461 3018 553 3096 Plora
573 3019 772 3096 diuitiarum
789 3020 963 3086 sententium
981 3031 1049 3081 antu
1067 3030 1178 3101 etpost
1197 3040 1232 3081 ua
1250 3019 1345 3081 verbo.

336 3105 422 3186 'Cap
433 3106 485 3167 xt.
514 3108 564 3168 Ile
581 3108 836 3172 coemeteriis.
866 3107 1049 3170 coemeteria
1065 3107 1132 3169 lora
1149 3119 1233 3169 orant
1246 3099 1448 3168 Christianorum

105 3206 107 3210 ’
202 3243 204 3248 -
259 3192 432 3276 sepulturae
457 3194 609 3275 speciatim
631 3194 798 3273 adsignata.
823 3196 904 3257 'Nam
925 3198 1165 3279 quemadmodum
1184 3207 1301 3258 totores
1322 3200 1372 3250 torn
1389 3174 1448 3242 autb

258 3302 345 3363 qnae,
363 3301 450 3363 quarn
464 3281 646 3362 novaelegis
660 3294 759 3361 putres
771 3292 901 3343 mortuos
915 3284 1043 3345 dormire
1054 3285 1191 3346 dicebant
1207 3281 1298 3365 (quood
1311 3274 1448 3364 trequentes
1496 3313 1497 3364 ,

259 3369 359 3430 divina
375 3368 523 3447 scriptura
538 3379 760 3443 commemorat,
783 3378 818 3430 ut
837 3368 909 3431 illud
920 3379 935 3433 τ’
951 3418 970 3448 ,,
981 3372 1115 3434 dormivit
1131 3391 1196 3433 oum
1214 3369 1344 3451 patribus
1358 3356 1411 3420 suis
1424 3368 1448 3409 tt

257 3465 410 3520 senrrtme
429 3458 538 3519 loona.“
570 3456 608 3519 Et
623 3459 692 3518 lod
708 3460 791 3518 lber.
808 3451 840 3531 4,
858 3460 921 3519 lib:
941 3458 1105 3534 „Nolumus
1122 3479 1176 3521 uos
1195 3458 1332 3538 ignorare
1349 3450 1380 3509 de
1395 3443 1447 3502 tbi·

257 3544 433 3623 otiantibus,
461 3554 494 3608 nt
516 3565 576 3605 non
600 3543 858 3626 contristemini“)
883 3546 927 3609 siu
947 3567 1046 3608 eorum
1071 3543 1209 3629 sepulcra
1229 3537 1447 3627 appotamus
1496 3567 1497 3594 t

257 3633 386 3711 nornine,
404 3636 480 3715 quod
498 3630 701 3714 significarent
716 3632 782 3697 lora
798 3635 836 3696 ad
852 3633 978 3716 quietem
997 3646 1024 3696 ot
1040 3633 1171 3696 somnum
1190 3638 1360 3714 comparata.
1375 3612 1446 3681 Arbe-

257 3739 352 3785 neus
377 3726 439 3803 (ttt.
456 3726 488 3785 d.
503 3743 540 3784 en
555 3725 699 3798 Dosiorlio,
717 3729 782 3791 item
800 3725 847 3786 ttt.
864 3725 895 3785 d.
911 3719 974 3784 noir
991 3720 1158 3805 oppressis)
1176 3723 1288 3798 scribit,
1304 3712 1374 3796 apul
1389 3703 1433 3766 ΒΜ

1401 3790 1408 3805 ι
1426 3785 1432 3804 t

259 3821 358 3873 tenses
377 3813 407 3871 in
427 3809 557 3889 singulis
577 3810 744 3873 civitatibus
761 3809 862 3872 luisse
875 3813 1016 3894 quasdam
1033 3813 1123 3872 nodos
1142 3809 1286 3892 publicas,
1302 3806 1339 3866 ad
1354 3806 1445 3896 onrt‘tt·

258 3900 351 3961 nodus
373 3899 566 3978 peregrinos,
590 3919 666 3981 quiae
690 3895 916 3979 appellabuntur
939 3900 1122 3960 onernotorin.
1159 3900 1220 3962 Sed
1240 3878 1445 3960 cursitantis

153 4031 156 4035 ι
172 4047 175 4052 ,
258 3990 347 4051 nortio
363 4006 417 4067 pro
433 3985 605 4067 sepulturae
622 3986 697 4050 loeis
713 3986 871 4070 praecipuo
887 3986 935 4047 nsi
951 3998 1031 4049 sont.
1062 3983 1182 4051 Vrtorrs
1199 3982 1353 4067 primitivae
1368 3962 1443 4032 Μ*

257 4075 322 4140 stiae
348 4085 447 4156 putres
464 4095 520 4137 sun
538 4074 710 4137 coemeteria
728 4076 904 4152 babuerunt,
923 4069 952 4135 in
974 4076 1081 4157 quibus
1099 4074 1328 4137 Christianorum
1346 4062 1445 4135 rorllll

257 4164 433 4246 sepelirent
465 4162 511 4225 En
536 4159 652 4226 l.'Cor.
673 4163 722 4225 id.
748 4161 860 4228 Paulus
884 4162 989 4244 innuit.
1029 4162 1161 4241 Dolnde,
1190 4165 1258 4246 qnia
1281 4132 1445 4236 sototnrtrl

240 4252 396 4332 sepulcra
412 4262 581 4313 sanctornm
599 4262 766 4333 martyrum,
792 4269 914 4333 quorum
930 4263 1119 4316 sacrosancta
1137 4261 1198 4314 erat
1215 4241 1354 4317 momoria,
1370 4241 1445 4330 βψ·

257 4339 392 4402 versario
423 4340 470 4401 lie
502 4338 651 4421 passionis
683 4357 783 4401 essunt
809 4340 984 4419 conuenire,
1017 4341 1115 4422 ampla
1142 4351 1170 4401 et
1192 4334 1314 4420 caparis
1335 4318 1445 4388 donblll

257 4424 387 4508 pellinis
404 4428 568 4514 orationum
586 4425 662 4505 loon,
683 4427 866 4492 eoemsturiis
884 4429 1065 4511 adjacentia,
1091 4428 1176 4491 etiarn
1193 4415 1442 4489 enumeraturus·

256 4526 336 4578 runt.
352 4513 519 4598 *teporo
550 4527 666 4582 rubros
691 4516 843 4583 Romanos
872 4515 1024 4603 pontiliano
1052 4515 1130 4579 inter
1159 4528 1311 4602 martyrum
1339 4486 1444 4565 ΜΨ
