3067 5075
223 277 269 347 nt
623 278 745 347 xnxrr.
786 277 1035 363 neme
1074 258 1081 267 “
1122 304 1127 311 -

225 454 323 518 indies
340 453 521 518 inem-enta
535 453 685 538 sepiebat,
708 474 812 521 annam
831 456 898 540 ejus
920 452 1060 539 temperis
1076 450 1257 517 ῢιίιιὶιιίι
1280 451 1455 533 promitte

224 543 331 620 foisse,
353 554 385 607 ut
400 543 433 622 ii,
458 542 545 605 sicuti
562 555 743 607 caeterorum
760 543 1026 609 ecclesiastieorum
1040 541 1149 607 ritum
1163 540 1318 616 enbituu,
1333 542 1455 605 arufia-

224 631 309 695 ribus
325 645 412 694 antea
426 629 567 695 limitibus
579 632 841 714 circumscriptum,
857 631 1037 716 amplibrare
1049 631 1250 707 exorsierast,
1266 629 1311 693 ita
1326 650 1455 714 quoqu

225 717 472 784 solemnitatem
462 719 635 783 initiationis
659 721 873 803 proselytorum
895 742 1017 784 suorum
1040 740 1116 783 uoro
1143 718 1325 783 neri-auiae
1359 716 1455 801 bajus

226 808 421 871 additamento
448 820 624 872 exornarent
648 830 771 890 eantque
794 808 862 873 iude
889 808 1117 892 splendidiorem
1142 805 1304 870 efficerent.
1348 808 1456 885 Quu-

226 918 296 959 nero
314 896 437 978 primum
462 897 493 959 iu
517 897 646 960 animum
667 897 855 961 induxissent
871 896 1029 961 Christiani
1053 898 1089 959 ds
1113 895 1350 976 multiplicandis
1369 904 1402 957 ct
1416 898 1456 957 ad

225 983 474 1067 magnificentium
498 997 586 1067 atque
616 985 839 1049 ostentationem
867 984 1076 1068 componendis
1099 982 1313 1047 ecclesiasticis
1341 982 1457 1045 ritibn

228 1094 388 1156 corumque
405 1075 580 1154 adaugendo
598 1073 793 1156 potiusquam
810 1073 1006 1137 imminuendo
1023 1093 1145 1135 numero
1162 1068 1342 1139 eonsilium:
1360 1070 1458 1135 imile

228 1162 333 1225 deinde
350 1162 476 1237 fectum,
500 1171 532 1222 ut
555 1160 623 1223 lieet
640 1162 748 1224 bnecoc
765 1162 833 1225 neri
849 1162 985 1244 generis,
1009 1158 1146 1225 nimirum
1162 1160 1294 1223 balsamo
1310 1171 1456 1241 parumn,

227 1249 364 1315 unctione
380 1249 412 1311 iu
428 1248 584 1312 ecelesiam
602 1249 767 1313 introducta
783 1261 871 1332 atque
886 1250 1044 1314 substituta
1060 1258 1150 1328 esset,
1165 1259 1293 1313 ettennon
1309 1250 1354 1311 de
1373 1248 1459 1311 anti·

227 1337 329 1422 quiere
352 1336 422 1415 ille,
447 1358 533 1421 qoam
550 1337 755 1402 Tertullianus
772 1348 979 1403 commemorat
996 1357 1131 1420 quaeque
1155 1336 1220 1400 eleo
1237 1336 1301 1401 beri
1316 1334 1458 1413 solebat

226 1425 326 1490 unctio
344 1447 404 1489 uun
422 1438 450 1489 et
465 1425 550 1490 simul
576 1427 727 1489 retinenda
746 1427 920 1490 sententiam
939 1426 1063 1504 inirent,
1088 1446 1123 1489 cu
1138 1446 1242 1506 nempe
1258 1424 1304 1487 rei
1320 1423 1459 1506 potissi·

227 1537 305 1579 ιιιιι
321 1515 434 1578 ratione
450 1515 559 1594 babile,
576 1518 653 1598 quod
671 1537 708 1581 ex
723 1512 807 1576 illius
824 1514 1026 1578 observatione
1038 1523 1126 1595 etque
1137 1533 1195 1576 usu
1204 1512 1262 1594 ipsi
1278 1513 1458 1594 baptista-

226 1604 266 1666 lis
283 1615 367 1667 ectus
389 1603 563 1666 solemnitati
588 1602 698 1685 aliquid
724 1602 875 1683 dignitatis
899 1611 927 1665 ιι
951 1601 1146 1683 praestantiae
1168 1621 1374 1665 accessurum
1390 1602 1459 1665 iore

227 1693 448 1755 arbitrarentur.
485 1691 601 1753 Exinde
623 1689 810 1771 assignatum
825 1689 882 1771 ipsi
900 1689 931 1752 in
945 1689 1130 1772 praegressis
1146 1688 1332 1770 baptismatis
1353 1700 1457 1753 notu·

228 1779 333 1843 ritibus
352 1777 448 1841 locum
465 1789 552 1842 nacta
568 1787 613 1841 cst
635 1776 784 1861 antiquior
803 1776 879 1841 buce
895 1777 1011 1856 unctio,
1034 1799 1122 1860 quum
1146 1777 1301 1859 pristinum
1323 1779 1405 1860 ejus
1427 1778 1457 1841 iu

228 1866 446 1950 baptismalium
472 1865 695 1929 cerimoniarum
720 1865 799 1929 serio
825 1864 924 1930 locum
946 1888 1050 1929 recens
1074 1866 1280 1948 superaddita,
1308 1887 1399 1947 quae
1422 1887 1458 1931 eu

228 1968 380 2039 unguento
396 1955 533 2018 nobiliori
552 1976 653 2036 perage
646 1952 794 2033 solebat,
817 1955 918 2019 unctio
937 1973 1083 2037 oncupure
1099 1953 1255 2036 coepisset.
1294 1953 1458 2036 Singula

228 2068 292 2108 rum
315 2067 385 2109 nero
401 2043 505 2107 berum
523 2042 746 2125 dispositionum
770 2054 799 2107 et
820 2026 993 2125 placitarum
1010 2050 1095 2106 ιιιιι
1116 2050 1205 2124 atque
1227 2041 1332 2123 erige,
1362 2064 1459 2126 qm

228 2142 410 2198 caeterorum
429 2134 556 2195 omnium
573 2132 714 2196 evidentis
731 2153 767 2194 eo
784 2132 934 2212 genuinae
957 2130 1139 2212 antiquitatis
1158 2131 1335 2212 scriptorum
1358 2131 1458 2195 desti·

228 2233 306 2286 tntae
322 2222 381 2285 sint
397 2219 581 2299 testimonio,
605 2230 683 2283 certe
700 2241 758 2282 non
774 2218 833 2281 elio
851 2219 982 2283 nituntur
1004 2219 1193 2283 fundamento
1210 2238 1296 2302 quam
1312 2217 1458 2283 infucata

227 2308 400 2373 auctoritate
416 2307 546 2389 parentis
562 2315 714 2370 constitutt.
731 2318 834 2388 oport,
853 2307 941 2390 cujus
957 2318 1122 2373 vernentes
1138 2306 1226 2370 altius
1242 2308 1457 2389 perspexisse,

228 2396 286 2460 sibi
304 2406 348 2459 est
364 2394 446 2458 nisus
463 2395 634 2477 justumque
650 2406 804 2476 propterea
820 2393 858 2457 iis
886 2394 1013 2458 ruborem
1031 2397 1198 2498 appendere
1224 2414 1284 2457 non
1300 2396 1459 2461 dubitarit

227 2483 299 2548 Del
310 2483 436 2547 lacus.
473 2483 581 2548 Verum
598 2482 688 2546 multo
705 2482 829 2546 inferius
845 2504 881 2547 nc
897 2482 987 2566 longe
1004 2483 1122 2548 tenuius
1146 2483 1269 2567 pretinm
1282 2483 1369 2547 idem
1390 2495 1458 2550 sta

228 2574 283 2637 tuit
298 2575 424 2636 Prendo·
409 2578 556 2649 -ltionprti
572 2571 754 2650 testimonio,
780 2593 865 2654 quem
883 2572 1011 2653 lepidum
1028 2571 1135 2636 aetatis
1150 2593 1225 2638 suna
1239 2570 1458 2638 dissimulate·

227 2683 288 2725 ιιι
304 2662 342 2725 ed
358 2650 460 2723 ultima
476 2680 537 2723 sec.
551 2660 585 2724 v
602 2668 732 2740 tempore
745 2620 792 2723 'rot
808 2662 845 2723 ed
860 2660 1005 2725 initievt.
1022 2660 1123 2723 refert
1143 2660 1223 2723 Hine
1238 2663 1275 2726 de
1290 2660 1457 2748 librarum,

227 2750 292 2812 eb
283 2770 348 2831 rpso
374 2770 440 2811 eum
456 2748 486 2809 in
514 2747 600 2810 linem
618 2747 815 2826 conditorum,
838 2757 871 2812 ιι
894 2745 1105 2811 ecelesiasticis
1131 2750 1221 2812 rebus
1245 2770 1279 2811 ιι
1300 2750 1456 2833 majore!

227 2837 348 2902 bonoris
365 2858 400 2898 eo
418 2835 568 2916 dignitatis
585 2836 713 2919 speciem
731 2840 809 2918 apud
825 2857 925 2900 omnes
943 2836 1121 2913 conciliaret,
1137 2835 1235 2899 indole
1250 2857 1309 2898 nou
1325 2836 1457 2904 iucun-

227 2928 310 2990 nnode
327 2925 440 3007 judicat
452 2925 490 3005 *),
516 2949 562 2988 ene
577 2949 627 3007 per
641 2947 671 2988 se
686 2933 794 2990 curiose
810 2948 879 2988 sone
894 2937 920 2988 et
935 2927 974 2988 od
987 2948 1119 3006 pompam
1134 2936 1216 3007 ιιιιι
1230 2928 1458 2992 admiralium

227 3038 327 3096 monne
344 3025 370 3076 et
385 3037 453 3096 peno
466 3020 600 3077 terronam
618 3016 726 3077 dicendi
740 3036 837 3094 meere
853 3036 912 3077 erse
926 3020 1095 3094 consomptor
1110 3022 1199 3095 etque
1215 3014 1347 3095 iusuper,
1381 3019 1456 3082 dn

226 3104 257 3167 ie
275 3126 308 3167 eo
325 3114 469 3180 versetur,
487 3113 517 3165 ut
534 3105 646 3183 probet,
663 3102 757 3165 libros
775 3102 847 3178 bos,
864 3102 972 3184 qnippe
990 3099 1038 3183 qui
1054 3123 1133 3188 quun
1150 3101 1220 3165 cer.
1236 3104 1352 3166 demum
1373 3104 1456 3170 532„

227 3192 291 3254 orbi
318 3190 475 3253 cbristieno
500 3188 694 3266 innotuerint,
723 3210 781 3251 nou
805 3189 905 3251 multis
929 3199 998 3251 ente
1023 3190 1102 3252 buno
1126 3210 1234 3254 annum
1259 3191 1455 3270 temporibus

187 3337 197 3346 ,
228 3287 364 3349 exaratos
380 3276 493 3352 fuisse,
522 3278 558 3337 de
573 3275 631 3338 fine
647 3274 799 3356 scriptoris
817 3286 844 3339 et
860 3276 1019 3359 proposito,
1042 3280 1121 3360 quod
1137 3278 1169 3340 iu
1186 3278 1456 3346 concinnando&

218 3367 339 3428 *edendo
356 3385 443 3444 opere
460 3363 576 3441 babuit,
599 3363 640 3425 ita
654 3363 770 3446 pergit:
796 3376 931 3429 coeterum
952 3373 979 3429 is
997 3374 1132 3448 scriptor,
1156 3372 1310 3449 quicunque
1328 3371 1457 3434 meam

226 3456 321 3534 feeerit,
347 3459 396 3534 qui
410 3454 460 3514 snb
475 3454 528 3513 buo
543 3458 647 3531 iepenti
663 3459 792 3530 Dionysii
806 3475 925 3535 perenna
942 3458 1027 3520 lutere
1042 3466 1067 3518 ιι
1081 3458 1141 3517 orbi
1154 3462 1296 3536 imponere
1309 3475 1343 3520 ets
1360 3457 1456 3522 tader

226 3544 319 3621 fucere
332 3544 429 3619 noluit,
446 3562 524 3619 strue,
542 3548 561 3603 i.
576 3564 611 3620 e,
632 3547 757 3604 Graecas
773 3549 863 3624 quinti
877 3550 1001 3626 sentique
1015 3546 1101 3605 morali
1114 3546 1243 3607 odeum
1258 3550 1339 3619 ritae,
1362 3555 1406 3610 at
1420 3552 1456 3610 itt

226 3637 351 3710 motoria,
367 3637 408 3692 itu
423 3636 452 3693 in
469 3632 520 3692 imo
535 3652 641 3711 quoquc
655 3634 775 3711 aspendi
790 3640 929 3709 mummio,
943 3634 1046 3712 prendi
1061 3634 1110 3693 ttto
1126 3653 1177 3694 nuo
1193 3654 1227 3695 oo
1243 3633 1455 3707 ιιίιιιιιιαδιιο

226 3723 296 3797 euplo
311 3742 367 3782 uon
382 3721 495 3780 obserere
511 3726 645 3799 conpressit
653 3745 662 3795 ς
679 3719 708 3780 in
726 3720 918 3800 sequentibus
933 3720 999 3782 dein
1018 3740 1062 3794 ce,
1079 3740 1153 3801 quae
1170 3719 1199 3781 in
1215 3719 1281 3801 ipso
1297 3717 1454 3799 scriptae-e

227 3808 265 3868 de·
281 3805 572 3887 duplicis'nectionis
589 3820 656 3870 ante
673 3817 700 3869 ιι
718 3816 785 3889 post
802 3807 969 3870 tinctionem
986 3806 1147 3870 cerimonia
1154 3806 1454 3890 ‚sesquipedalibus

225 3893 288 3957 illis
299 3905 334 3966 ιι
349 3895 387 3956 ed
404 3915 538 3976 pompam
554 3916 589 3957 ac
605 3896 787 3979 majestatem
800 3894 904 3958 eifiotis
917 3894 1014 3957 verbis
1029 3894 1157 3973 inclusa,
1174 3896 1453 3978 deprehenduntur,

227 3994 372 4063 recenset,
399 4003 540 4046 summum
559 4005 658 4046 eornm
676 4005 727 4065 pro
745 3982 928 4064 peculiaris
920 3981 1042 4044 restituti
1061 3982 1173 4048 rabono
1191 3995 1219 4046 et
1236 3980 1452 4056 dimersum„

227 4094 318 4155 scopo
342 4069 524 4135 examinans.
561 4071 779 4134 Adsociandum
797 4068 966 4133 Dellnco
986 4070 1086 4134 merito
1104 4092 1171 4135 esse
1188 4071 1363 4146 arbitremur
1378 4063 1452 4140 br.

110 4187 116 4204 ι
226 4159 520 4242 Spanbomium,
543 4158 593 4241 qui
612 4162 815 4222 deooeotttutt
832 4170 924 4241 oport.
946 4170 1066 4221 auctore
1090 4159 1239 4241 aceperis
1257 4161 1449 4226 alneum·

225 4249 296 4313 lecti
312 4259 407 4312 ιιιιιι
423 4268 517 4329 egens
534 4268 643 4328 magne
660 4246 775 4309 testium
792 4268 851 4308 non
868 4244 990 4310 multum
1009 4247 1078 4311 eh
1069 4247 1164 4331 ipsius
1188 4246 1333 4314 sententia
1350 4247 1448 4320 eblu-

227 4337 356 4400 dentium
373 4339 451 4399 nube
468 4335 667 4399 aerariorum
685 4347 923 4419 argumentorum
940 4357 977 4401 ex
994 4357 1218 4418 rerumrerum,
1237 4357 1312 4422 quae
1327 4333 1448 4420 inipso

296 4524 323 4596 *)
342 4527 410 4581 dieto
427 4529 490 4586 loeo.
506 4527 539 4581 de
556 4525 698 4596 confirmat.
716 4544 775 4598 rap.
793 4506 838 4585 15.ι
855 4543 881 4600 p.
898 4527 949 4587 2⁰3
968 4543 1024 4602 naq.v
