3067 5075
278 291 343 357 res
646 260 796 353 xxxta.
837 286 875 351 c.
893 282 932 350 a.
950 282 1139 351 arumna

280 468 368 531 etiam
385 463 622 542 ardentissimas,
639 481 714 544 quas
731 464 767 525 ad
785 463 880 524 licum
897 460 1025 523 clericam
1041 459 1182 522 tumetra
1198 478 1311 540 preces,
1337 468 1366 520 ut
1378 460 1425 520 dn
1436 478 1462 522 ua

280 556 409 618 Satanae
428 553 458 613 in
477 573 528 614 eos
554 558 742 633 potestatem,
767 551 817 631 qui
835 549 982 612 Salrntmi
1001 548 1118 612 nomina
1142 548 1309 625 dedissent,
1332 558 1458 627 conterere,

280 643 397 706 omnino
415 640 540 722 denique
557 639 666 701 sontem
683 639 887 720 cujuscunque
906 638 1015 699 erroris
1038 658 1074 699 ac
1098 635 1226 699 malitiae
1241 639 1390 698 otsnuao
1405 634 1459 698 alt
1491 646 1493 737 j

278 731 444 793 luduontnr
460 750 530 791 aero
547 728 575 790 id
594 748 690 809 genas
706 746 810 808 preces
835 725 1063 807 ascriptoribus
1079 724 1168 807 hujus
1186 726 1250 787 aeri
1275 722 1460 800 ecclesiasticis,
1492 740 1493 743 ’

277 822 398 882 nominc
414 816 570 880 exorcismi
580 818 619 895 ‘).
657 816 767 877 Omnes
785 835 901 895 quoque
923 815 990 876 huic
1013 816 1050 874 ad
1074 814 1248 894 baptismum
1273 812 1305 873 in
1327 810 1407 873 reteri
1424 830 1459 872 uc·

279 906 374 970 clesia
401 902 615 988 praeparationi
641 903 803 964 haereticos
815 914 849 964 'et
867 902 1071 964 schismaticos
1088 902 1292 982 subjiciendos
1308 918 1388 978 usse,
1408 919 1459 961 cou-

278 994 380 1058 cilinm
406 993 505 1056 Carth.
533 998 574 1063 (ns
592 992 672 1072 ²56)
697 990 918 1070 constituit”)3
948 991 1084 1071 idemque
1107 989 1258 1069 praecepit
1283 987 1384 1050 concil.
1403 987 1460 1048 Ceu·

133 1125 141 1133 ·
216 1094 221 1109 ‘
273 1094 367 1146 'stant
385 1081 489 1159 lm).
526 1079 602 1153 Sed,
626 1080 702 1161 qnod
719 1078 879 1157 praeterire
896 1077 1061 1154 noluimus,
1085 1077 1132 1138 laic
1148 1077 1221 1139 ritus
1235 1077 1279 1140 ita
1297 1087 1357 1137 erat
1370 1075 1460 1137 unirer·

278 1171 361 1246 salis,
378 1181 411 1231 ut
427 1190 464 1229 ne
480 1166 620 1228 haeretiei
639 1166 753 1247 quidem
770 1170 807 1227 ah
826 1187 860 1227 eo
876 1166 1075 1240 abstinerent3
1095 1184 1131 1227 co
1149 1165 1224 1228 enim
1241 1175 1376 1245 respectu
1389 1163 1459 1226 (lue-

173 1279 182 1293 ·
278 1258 403 1321 cilius
430 1277 447 1318 a
470 1253 579 1317 Bilta
602 1255 632 1314 in
653 1252 768 1315 Concil.
787 1257 871 1315 modu
894 1255 942 1317 cit.
960 1252 1119 1331 Canthara:
1158 1256 1274 1334 „Apud
1298 1251 1459 1327 tramam

275 1346 372 1428 inquit
388 1344 457 1422 „utri
475 1363 545 1426 spes
563 1338 644 1403 nulla
657 1353 702 1403 est
715 1354 743 1404 et
758 1342 932 1427 lideslalsa,
949 1342 999 1404 uhi
1017 1340 1113 1403 omnia
1131 1363 1183 1424 per
1199 1341 1379 1404 mendacium
1388 1358 1459 1421 agm-

275 1445 333 1512 tar,
351 1433 402 1495 uhi
420 1432 567 1495 exorcizat
583 1430 840 1511 dneuroniacuo.“¹

361 1523 425 1584 Nec
448 1521 547 1581 forsan
569 1521 753 1598 reprobanda
769 1527 847 1580 esset
866 1518 931 1600 ejus
948 1516 1103 1595 sententia,
1128 1516 1176 1597 qui
1193 1516 1360 1590 crediderit,
1381 1513 1458 1595 etde

275 1609 408 1692 priunum
432 1608 462 1669 in
487 1608 572 1689 epist.
589 1605 643 1669 illa
665 1608 701 1667 ad
721 1607 864 1685 Magnum
881 1607 910 1666 id
934 1624 1029 1686 genus
1047 1605 1206 1668 exorcismi
1228 1604 1419 1680 intellexisse,
1436 1603 1459 1662 do

275 1719 332 1778 quo
349 1697 398 1757 laic
422 1697 573 1776 disputare
597 1693 787 1756 instituimus.
823 1695 969 1755 lateriani
993 1693 1069 1756 cuim
1088 1694 1207 1763 evenire
1230 1695 1374 1766 meminit,
1395 1710 1458 1753 etot·

275 1786 414 1846 cistarum
439 1783 620 1844 inefficacem
643 1782 737 1843 inisse
761 1782 977 1864 potestntrm†)
1002 1784 1108 1864 (quod,
1131 1781 1158 1842 si
1174 1780 1292 1844 animos
1309 1777 1458 1843 idololatria

275 1874 445 1934 consideres
461 1872 574 1932 deditos
592 1892 626 1932 ac
643 1889 806 1948 perversos,
825 1863 962 1932 facillime
974 1867 1164 1951 perspicias),
1183 1871 1308 1951 opprimi
1321 1866 1457 1932 antetulit·

273 1962 389 2036 holum,
414 1982 501 2042 quarn
528 1962 564 2020 ad
588 1978 693 2041 nquam
720 1959 878 2019 salutarent
904 1970 990 2039 atqua
1014 1961 1050 2019 nd
1070 1957 1206 2037 baptismi
1231 1956 1457 2020 srncrttraarn

274 2046 565 2125 adgrederetnr's’s).
601 2048 695 2109 Recte
714 2047 830 2127 quidem
853 2047 966 2108 monuit
990 2044 1306 2124 Kralltiasffl),
1331 2045 1405 2106 ltism
1415 2040 1456 2122 (lt-

233 2178 242 2193 .
272 2137 368 2219 priani
392 2137 490 2199 verbis
515 2155 572 2195 non
597 2134 866 2216 pacdohaptismum
890 2133 989 2209 innui,
1016 2154 1104 2214 quum
1120 2134 1159 2194 de
1177 2130 1291 2196 adultis
1308 2131 1456 2210 salutatus·

273 2225 426 2304 sectisque
442 2234 537 2284 aetate
561 2240 658 2282 sermo
683 2223 720 2282 sit
737 2221 855 2297 Nostri3
880 2242 975 2302 neque
992 2230 1086 2283 tamen
1104 2221 1140 2296 ci,
1158 2221 1185 2283 si
1202 2221 1260 2282 hoc
1277 2221 1343 2282 loeo
1358 2215 1457 2282 exant-

272 2332 351 2374 mum
369 2311 476 2392 accipit
494 2311 529 2369 de
547 2309 690 2390 ejectione
707 2311 881 2370 daemonnm
900 2330 936 2371 ex
953 2308 1144 2391 corporaliter
1157 2308 1305 2385 obsessis,
1324 2303 1456 2370 commmit-

272 2419 351 2461 mus.
382 2398 449 2459 Hoc
466 2397 542 2458 onim
560 2396 721 2472 contextui,
740 2416 798 2479 quo
815 2397 870 2459 sim
890 2396 1026 2478 baptismi
1044 2396 1226 2479 salutemque
1243 2397 1457 2478 descriptasttt·

269 2546 499 2560 *uun-

271 2639 369 2692 initiat.
386 2640 413 2696 2.
434 2638 569 2690 lliorou.
588 2638 614 2690 iu
631 2635 726 2690 llatth.
743 2640 858 2696 tt-tt.
878 2639 1029 2692 salvian.
1049 2640 1081 2692 do
1098 2641 1199 2708 prorid.
1217 2641 1244 2694 o.
1261 2658 1292 2709 p.
1305 2637 1362 2696 ill.
1379 2634 1456 2690 llilta

270 2715 349 2761 tract.
370 2709 395 2760 iu
415 2707 509 2760 Portu.
529 2708 571 2761 14.
594 2707 713 2777 Cyrill.
734 2708 843 2761 Cutech.
861 2707 940 2778 llpat.
961 2708 981 2760 l.
1000 2726 1026 2778 p.
1043 2710 1093 2762 atto
1112 2726 1169 2778 sqq.

340 2777 369 2834 *r
391 2777 553 2841 Bingham
572 2777 598 2829 4.
621 2794 646 2844 p.
665 2779 709 2832 25.

339 2847 382 2909 **)
401 2845 522 2911 „Censeo
538 2862 625 2897 omncs
644 2847 791 2898 haereticos
808 2855 835 2900 et
850 2846 1040 2910 schismaticos,
1060 2847 1104 2914 qui
1124 2848 1156 2899 ud
1175 2848 1334 2901 catholicum
1350 2840 1454 2898 corloon

269 2917 401 2968 volueriut
420 2917 526 2981 venire,
556 2932 606 2967 nou
627 2922 687 2967 autc
706 2917 819 2984 ingredi,
841 2918 892 2970 uisi
911 2917 1055 2969 exorcizati
1073 2924 1102 2972 et
1119 2917 1246 2985 baptizati
1264 2920 1339 2985 prius
1356 2908 1454 2972 arsut

252 2986 370 3040 Χ(ΣοιιοίΙ.
391 2986 481 3040 Carth.
504 3001 545 3055 ap.
566 2985 644 3069 Cypr.
1243 3009 1256 3032 ι
1439 3039 1445 3059 ‚

337 3057 395 3122 ***)
417 3055 446 3106 C.
459 3056 502 3108 l.:
523 3048 579 3121 „dr
597 3054 710 3116 ἓλληνας
725 3047 876 3125 δεχόμεθα,
894 3055 941 3106 καὶ
961 3050 1011 3119 τὴν
1027 3047 1140 3177 nprirqa
1158 3048 1264 3123 ἡμέραν
1281 3053 1410 3120 ποιοῦμεν
1422 3063 1454 3097 ur

151 3160 158 3187 ,
268 3126 333 3184 τοῦς
350 3121 540 3193 χριστιανοὺς,
565 3120 615 3174 τὴν
635 3123 667 3175 di
688 3122 821 3190 dserlprrr
837 3126 1074 3193 κατηχουμένους,
1098 3141 1155 3177 eru
1173 3119 1223 3181 τήν
1243 3128 1339 3210 sptrqv
1356 3116 1454 3185 dioptllt

267 3210 323 3262 μεν
340 3190 440 3251 αὐτοὺς
459 3190 528 3258 μετὰ
549 3191 682 3258 ἔμφυσᾷν
701 3196 794 3258 τρίτον
817 3194 855 3252 εἰς
872 3191 902 3245 τὸ
929 3187 1087 3261 πρόσωπον
1111 3194 1159 3245 roal
1183 3195 1221 3253 sir
1248 3190 1281 3245 τὰ
1306 3211 1361 3245 roto
1376 3184 1454 3242 rozir·

268 3259 316 3311 orni
336 3259 422 3320 οὕτως
441 3259 615 3326 κατηχοῦμεν
634 3257 748 3324 αὐτοὺς,
772 3262 819 3311 καὶ
842 3262 982 3332 ποιοῦμεν
999 3260 1099 3322 αὐτοὺς
1115 3263 1253 3333 χρονίζειν
1270 3264 1310 3324 εἰς
1327 3257 1374 3327 rip
1389 3253 1455 3315 lexin

268 3333 334 3381 σίαν
353 3331 400 3381 καὶ
418 3326 576 3393 ἀκροᾶσθαι.
594 3328 651 3378 τῶν
668 3329 805 3397 γραφῶν·
825 3331 873 3381 καὶ
891 3326 951 3386 τότε
970 3329 1069 3392 αὐτοὺς
1084 3333 1285 3403 βαπτίζομεν.“

337 3398 367 3465 †t
387 3399 508 3467 cyrill.
531 3396 638 3449 Cateoh.
658 3399 683 3450 3.
704 3415 730 3448 n.
751 3400 793 3455 tn.
814 3418 839 3467 p.
859 3402 903 3453 tt.
1489 3447 1491 3458 .

189 3472 192 3476 ’
282 3501 294 3524 .
336 3470 390 3536 ††)
412 3467 577 3530 dicineum,
600 3483 674 3533 quern
694 3467 859 3536 inveneram,
882 3476 972 3522 notatu
992 3471 1104 3524 maximo
1125 3469 1246 3536 dignum,
1268 3470 1295 3522 in
1315 3467 1453 3523 horona·
1489 3469 1491 3528 f

266 3533 447 3600 Bulduino,
468 3536 541 3587 tttrts
560 3535 648 3603 optati
669 3533 756 3589 llilev.
778 3539 831 3602 „da
849 3540 988 3591 schismate
1003 3540 1221 3591 nouattsrarum“
1239 3531 1453 3607 respectentur
1490 3573 1491 3578 ,

235 3629 240 3638 ·
267 3610 347 3660 uolui.
376 3604 537 3674 „llcrniui,“
556 3605 585 3656 li.
606 3608 698 3672 inquit,
719 3605 845 3670 „Petram
857 3607 934 3660 hlurt.
956 3609 1120 3660 lumiliuritcr
1139 3608 1277 3677 aliquando
1294 3601 1452 3673 mittaturne

266 3679 333 3745 quod
353 3684 379 3728 et
405 3683 494 3742 postea
513 3675 619 3741 scripsit
638 3677 663 3727 in
683 3676 790 3743 primurn
813 3678 905 3729 lihrum
925 3678 1023 3742 ssepa,
1053 3693 1111 3729 sese
1131 3694 1188 3729 cum
1207 3679 1341 3746 quemdum
1359 3669 1453 3744 cyprin}

264 3741 349 3797 locum
371 3746 509 3810 diligenter
527 3745 700 3811 expenderet,
725 3746 895 3810 singulariter
912 3747 1112 3815 deprehendisse
1134 3754 1211 3814 atquc
1232 3747 1382 3798 observasse
1396 3736 1454 3816 “¹2“

264 3831 321 3863 nem
338 3816 439 3864 mimine
454 3815 534 3878 rrnlgo
551 3822 639 3862 rotam
656 3816 792 3864 exorcismi
807 3833 862 3863 cnm
879 3815 1005 3879 baptismo
1022 3817 1206 3886 conjungendi.
1243 3816 1392 3884 Cppriuttttttt
1405 3811 1452 3857 ²⁸¹¹

264 3883 325 3934 libr.
345 3886 371 3936 l.
393 3883 508 3933 scrihere
530 3884 562 3934 ad
581 3881 718 3946 Magnum,
741 3884 849 3950 spiritus
869 3885 1012 3936 immundos
1033 3886 1185 3953 quandoque
1206 3884 1298 3936 fallere
1316 3894 1398 3940 mmor
1412 3869 1452 3950 lille

265 3952 325 4003 dum
346 3953 458 4019 adjurati
477 3952 577 4017 lingunt
595 3967 653 4003 susc
673 3952 745 4002 abire
766 3969 812 4003 uec
831 3960 916 4003 tamen
937 3954 1042 4005 abeunt.
1077 3952 1143 4004 'l'um
1163 3970 1224 4004 vero
1242 3954 1392 4022 cyprianum
1407 3942 1453 4004 ritt-

265 4037 341 4075 cere:
374 4021 491 4087 „Verum
510 4038 567 4073 cum
587 4022 618 4073 ud
638 4036 729 4087 uquam
748 4028 852 4072 venturu
871 4028 921 4082 est,
939 4022 975 4072 lhi
992 4022 1116 4073 lliuhnlus
1132 4023 1235 4074 minime
1251 4024 1322 4074 velet
1338 4018 1451 4072 manum

262 4107 420 4160 prorsusque
440 4091 583 4143 discedit.“
621 4089 684 4141 llinc
704 4089 796 4141 Petrus
816 4088 851 4140 hl.
872 4090 958 4157 jactat
980 4106 1038 4142 sese
1057 4092 1196 4158 colligere,
1216 4091 1276 4143 olim
1295 4092 1386 4143 luctam
1402 4090 1452 4136 arro,

262 4171 292 4211 aot
312 4163 465 4228 arrepticii,
492 4162 539 4228 qai
554 4177 604 4209 non
621 4168 743 4223 poterant
761 4160 853 4208 curari
868 4161 1029 4224 exornemus,
1056 4161 1262 4226 baptizarentur,
1297 4155 1451 4211 Postertntrt

262 4245 325 4281 vero
341 4229 501 4295 generaliter
517 4236 544 4280 ct
562 4228 673 4280 cortines
685 4228 778 4279 deinde
793 4244 895 4295 semper
911 4229 1068 4280 exorcismos
1084 4227 1249 4293 conjunxisse
1267 4243 1323 4280 uum
1341 4221 1450 4294 baptisat-

261 4298 300 4348 Ac
319 4301 418 4365 quidem
440 4297 537 4349 latetur
555 4295 686 4364 Optatam,
708 4304 737 4348 ut
753 4304 781 4348 et
792 4296 963 4361 Augustiuum
981 4299 1057 4348 valde
1070 4298 1096 4349 id
1110 4298 1245 4365 probasse.
1279 4298 1328 4350 sed
1342 4293 1450 4350 atttttlll

134 4405 137 4412 .
200 4393 210 4409 ι
262 4376 401 4433 propterea
422 4365 587 4434 reprehendit
614 4373 641 4416 et
661 4367 756 4417 erroris
782 4368 922 4417 accusat.“
957 4364 1053 4418 Verum
1073 4367 1206 4419 enimvero
1233 4381 1278 4436 spu
1297 4365 1384 4420 mucor
1402 4356 1450 4412 fort,
1489 4413 1490 4418 ,

262 4441 293 4487 ut
308 4437 448 4570 seqrqqqqiq,
468 4433 531 4558 ltqnlu
549 4433 637 4557 lgqello
655 4449 712 4488 meo
733 4436 841 4502 inserta,
862 4431 945 4501 magis
964 4436 1080 4490 traduat
1097 4436 1200 4489 lectori.

440 4542 447 4556 .
508 4520 535 4573 p.
590 4541 597 4555 .
