3067 5075
181 306 197 333 ·
288 286 353 350 sar
720 279 828 348 nav.
860 279 927 347 tto.
943 278 1067 344 rann·
1118 235 1126 243 ’

289 479 406 541 quoque
420 458 501 519 dedit
516 456 707 519 Constantino
724 455 768 520 M.
789 457 877 536 imp,
895 466 928 518 ut
951 458 987 518 dc
1006 453 1196 518 conficiendis
1210 453 1238 515 1.
1254 453 1395 517 codicibus
1408 466 1467 518 esta

289 547 446 609 soiiieitos.
477 546 595 607 iuterim
611 558 706 608 tanuen
723 556 752 607 et
767 543 840 605 iiiud
858 555 969 606 eertum
985 554 1038 623 cst,
1055 564 1157 606 omnes
1173 542 1204 604 S.
1222 542 1256 603 S.
1271 542 1358 605 iibros
1372 544 1467 606 serras

288 634 385 696 fuisso
408 634 533 714 scriptos
558 633 706 716 tectosque
723 633 842 714 publice
860 633 969 712 pariter
983 644 1072 714 atque
1090 630 1222 713 privatim
1238 650 1257 691 a
1271 631 1375 692 seduiis
1389 652 1467 695 suro·

288 744 354 783 rura
372 723 550 784 voiurninum
569 722 795 785 scrutatoribus.
841 720 908 798 Quo
925 721 1035 782 facturn
1053 733 1108 794 est,
1127 727 1161 781 ut
1178 717 1312 781 nonnulii
1329 719 1397 795 iibri,
1412 739 1466 801 quos

290 811 468 890 conjunctim
480 810 611 871 scribere
624 809 797 885 inmiserat,
814 809 901 870 certis
914 807 1023 870 fuerint
1033 807 1168 889 insigniti
1181 808 1353 884 nominibus,
1366 828 1391 868 a.
1399 828 1424 885 g.
1433 806 1467 870 ii.

290 895 448 976 erringeiia
472 895 529 958 τοῦ
554 891 747 978 ἰυαγγελίου,
774 909 803 958 et
828 898 1024 977 apostolorum
1045 894 1188 978 epistolae
1212 893 1273 956 τοῦ
1295 888 1466 957 iatoooiaai.

210 1008 214 1015 ’
288 986 352 1048 Jara
371 1006 434 1047 ram
459 1005 478 1046 a
495 984 610 1046 clericis
630 985 755 1065 aliisque
771 988 807 1045 ad
827 984 1011 1048 traditionem
1029 995 1220 1066 poscerentur
1234 985 1358 1058 codices,
1375 982 1466 1060 flagitati

290 1087 369 1133 rorte
392 1083 477 1149 sunt,
501 1090 694 1152 quoscunque
715 1073 880 1149 habebant,
906 1070 1018 1136 omnus.
1063 1074 1127 1134 Nou
1153 1072 1230 1134 eniru
1251 1070 1322 1132 iiind
1339 1082 1467 1131 tantunex

286 1162 419 1244 judicum
438 1159 584 1240 adloquiis
602 1161 753 1222 consuetis
773 1164 910 1241 adparet,
934 1183 999 1222 ruru
1019 1161 1173 1222 dicebant:
1200 1164 1326 1234 Rotaria
1339 1166 1466 1239 mripturar,

244 1288 248 1291 -
289 1272 361 1330 qaas
375 1252 488 1322 dabatis,
505 1270 612 1322 ornam
629 1250 680 1309 sed
699 1249 785 1309 etirun
803 1270 839 1311 ex
858 1248 1015 1311 univcrsaii
1033 1246 1219 1330 imperatoris
1236 1247 1384 1322 voluntate,
1398 1244 1466 1305 ouri·

274 1338 347 1396 ‘bns
364 1337 482 1396 ornuiao
499 1328 800 1398 codicibus'studiosc
817 1336 946 1413 caitiaii3
972 1348 1003 1399 nt
1022 1340 1096 1400 adeo
1114 1338 1256 1399 tradenda
1276 1334 1407 1397 notamina
1419 1332 1466 1393 ine·

289 1424 365 1495 rint,
388 1424 413 1486 si
433 1426 587 1501 adessent,
611 1424 727 1501 ornoia,
752 1424 891 1506 pauciora
910 1445 997 1503 reno,
1021 1426 1072 1486 ubi
1094 1424 1235 1505 pauciora
1252 1426 1394 1485 adservata
1411 1430 1465 1481 sort

288 1511 405 1573 Forsan
429 1525 457 1573 ct
477 1513 548 1574 ittud
566 1513 681 1584 trucida,
700 1524 766 1574 uta
786 1511 964 1576 Christianis
986 1523 1073 1574 antea
1094 1511 1236 1574 sciscitati
1260 1510 1363 1573 inerint
1380 1507 1464 1590 pagani,

289 1621 431 1682 quosnam
448 1599 539 1661 libros
556 1623 608 1682 pro
625 1600 732 1661 divinis
750 1603 905 1675 baberent,
925 1601 1021 1681 prouti
1038 1600 1154 1683 quidem
1174 1595 1346 1663 Soiiiitanos
1361 1610 1464 1679 tutatus

289 1687 345 1750 bac
363 1688 476 1749 ratione
494 1688 690 1768 interrogatos
707 1687 801 1750 fuisse
820 1707 911 1768 snpra
931 1689 1162 1752 observavimus.

376 1776 433 1853 22)
452 1775 570 1837 Diserte
581 1776 766 1855 Augustinus
780 1797 841 1851 eos,
856 1777 965 1856 quibus
975 1776 1236 1839 obstetricantibus
1247 1776 1372 1838 codicum
1382 1767 1463 1833 traditio

288 1862 368 1925 facta
385 1874 442 1932 est,
468 1875 593 1942 turpentes
610 1871 713 1944 impios
729 1874 877 1943 potestates
895 1875 995 1941 vocat,
1020 1869 1120 1946 qubus
1135 1867 1201 1926 iibri
1217 1868 1384 1926 mdaiottioi
1396 1859 1463 1921 traditi

288 1958 362 2025 sint,
387 1955 498 2032 (contro
517 1953 656 2014 Gaudeat.
683 1951 712 2028 l,
730 1953 800 2031 ³7.)
838 1951 941 2032 ltaque
976 1949 1022 2013 vei
1048 1954 1103 2013 hoc
1129 1972 1222 2012 uuum
1251 1950 1378 2013 suiticerc
1399 1952 1463 2025 putea

290 2038 497 2115 testimoninm,
518 2041 595 2119 quod
613 2038 738 2114 evincat,
755 2038 873 2120 judices
891 2040 1065 2118 saepissime
1084 2038 1210 2120 piurima
1228 2052 1341 2118 praeter
1354 2036 1463 2115 importn-
1490 2090 1492 2095 .

290 2127 359 2189 tium
378 2126 558 2188 voluntatem
575 2127 676 2205 egisse
692 2124 872 2207 longiusque
891 2127 1077 2203 extendisse,
1102 2147 1138 2189 ac
1156 2147 1210 2207 par
1228 2137 1307 2203 erat,
1325 2122 1462 2185 domiturus

289 2223 457 2295 praccepta.
502 2213 553 2274 Sic
581 2214 705 2293 periisse
729 2235 846 2295 quoque
870 2215 1016 2277 credimus
1037 2214 1177 2296 plurimos
1197 2213 1383 2276 ecclesiarum
1400 2208 1462 2268 libros
1491 2252 1492 2259 .

287 2301 462 2381 liturgiam,
493 2300 666 2363 lectionaria
691 2300 860 2384 similiaque
885 2302 1015 2382 scripta,
1046 2305 1084 2365 ob
1109 2302 1244 2383 judicum
1269 2301 1301 2362 in
1321 2297 1462 2363 cbristus
1491 2282 1492 2351 i

289 2390 406 2465 odium,
437 2408 513 2471 quae
536 2385 667 2470 alioquin
691 2410 812 2452 serrare
836 2411 854 2451 a
875 2390 1000 2452 ssatmmis
1017 2392 1228 2471 imporatorum
1253 2387 1335 2452 saiva
1354 2383 1462 2448 rotarat

288 2487 454 2557 potuerant,
474 2486 571 2556 utpote
587 2496 663 2558 quae
679 2477 711 2539 S.
729 2477 761 2541 S.
780 2478 873 2540 iibros
890 2477 1025 2560 inprimis
1042 2499 1173 2542 cremare
1186 2478 1290 2562 jussit.

377 2564 434 2641 23)
458 2564 601 2626 Soicbnot
617 2565 776 2629 Christiani
800 2566 943 2650 ejusmodi
960 2579 1117 2649 martyrum
1137 2578 1204 2630 acta
1226 2565 1274 2630 rei
1291 2583 1386 2645 magno
1400 2554 1461 2641 pttb't
1490 2591 1491 2596 ¹

203 2667 207 2670 ·
288 2652 455 2714 arotariis
482 2652 611 2732 publicis
628 2654 788 2732 redimere,
813 2655 859 2717 vei
885 2655 949 2735 ipsa
966 2656 1043 2717 iator
1061 2655 1228 2718 conflictum
1254 2661 1431 2717 tormentorum
1444 2650 1461 2704 tt

288 2740 432 2803 adstantis
451 2740 549 2822 popuii
568 2745 681 2804 turbam
699 2764 751 2824 per
766 2762 838 2805 suos
856 2742 1068 2805 conscribenda
1085 2764 1200 2807 curare.
1249 2743 1330 2806 Unde
1343 2739 1460 2800 lectorati

287 2827 429 2910 deinceps
452 2828 570 2909 publice
593 2830 624 2891 in
649 2830 805 2906 eeclesiis,
832 2830 1004 2912 pracsertim
1026 2830 1186 2908 Africanis,
1205 2841 1241 2893 ut
1265 2851 1316 2913 per
1331 2817 1460 2889 iliaeona't

287 2915 417 2979 fidelium
430 2917 576 2980 ⁴universa
599 2920 636 2979 ad
657 2917 733 2999 piam
752 2918 942 2980 imitationem
960 2927 1057 2981 tantae
1075 2918 1259 2982 fortitudinis
1271 2912 1375 3003 jugiter
1387 2908 1460 2973 inrita·
1489 2949 1490 2992 t

287 3016 386 3081 retusa
411 3006 470 3067 rid.
491 3006 649 3086 Ringirami
670 3012 748 3086 Orio.
766 3009 870 3068 sorbo
894 3004 925 3083 2,
942 3029 970 3087 p.
988 3009 1058 3085 75.;
1083 3004 1114 3080 5,
1130 3029 1159 3088 p.
1176 3008 1269 3086 aaa.;
1294 3003 1324 3083 ii,
1338 3027 1363 3084 p.
1380 2998 1460 3060 tata

289 3090 487 3182 Petu-Zoraii
507 3097 617 3156 dissert.
634 3097 667 3156 dc
683 3101 868 3157 Notariorum
890 3100 919 3156 ia
938 3101 1030 3176 primo
1048 3098 1161 3157 enotata
1177 3117 1232 3165 aru
1247 3096 1376 3175 stupuisti
1389 3096 1410 3147 tt
1421 3085 1459 3143 tti·

286 3187 359 3258 piac,
376 3185 449 3262 qaod
464 3184 502 3243 ud
523 3193 588 3244 uoto
603 3192 758 3257 normanna
775 3193 802 3243 et
817 3193 977 3245 onustorum
992 3190 1155 3262 oonripnoto
1174 3188 1275 3245 attinet
1296 3186 1399 3262 (opusc.
1409 3185 1459 3233 aar.

287 3268 327 3328 Τ.
344 3267 380 3328 ΙΙ.
403 3290 433 3348 p.
449 3268 549 3347 057).
593 3268 648 3330 ttta
666 3269 732 3349 ipsa
747 3290 818 3331 vero
841 3280 907 3349 acta
920 3280 983 3335 ,tatu
1002 3281 1104 3332 sancte
1121 3270 1221 3333 habita
1242 3282 1354 3351 musque
1365 3258 1458 3361 studius

288 3367 463 3415 conservata
486 3356 522 3415 ad
544 3354 675 3416 flammas
701 3376 816 3436 quoque
841 3355 946 3417 tradita
968 3356 1063 3420 fuisso
1088 3368 1199 3422 eertum
1221 3370 1277 3422 cst.
1319 3356 1360 3417 lta
1381 3359 1459 3411 errat

287 3439 391 3503 Feiice
409 3442 617 3522 'subpraeensi
633 3441 838 3522 Magniiianus
862 3464 920 3506 unu
939 3442 1032 3507 libros
1052 3453 1181 3522 tantum,
1204 3449 1259 3508 sed
1277 3455 1305 3507 ot
1320 3439 1458 3505 nontam

287 3529 456 3613 postulabat
472 3531 542 3609 igue
558 3532 725 3594 adurendus
740 3530 786 3613 (in
804 3530 880 3593 netis
897 3552 922 3595 s.
938 3531 1050 3596 Fciicis
1066 3556 1095 3614 p.
1112 3556 1150 3598 nr.
1167 3535 1265 3613 lto),
1282 3537 1375 3613 utpote
1384 3521 1457 3604 quibat
1487 3575 1488 3612 3

287 3628 354 3702 aota
386 3630 542 3700 martyrum
570 3619 728 3700 praecipue
752 3618 917 3683 inscribere
951 3621 1052 3683 moris·
1076 3633 1148 3685 orat.
1193 3622 1272 3684 Hinc
1300 3630 1328 3683 ct
1350 3617 1457 3692 ingentes
1487 3615 1488 3694 t

283 3706 429 3788 jactmam
456 3705 577 3788 egregie
604 3707 737 3790 deplorat
758 3707 938 3772 Prudentius
967 3704 1062 3791 (aspi
1086 3729 1177 3789 oceo.
1204 3687 1457 3786 beatudini

287 3794 407 3858 dicens:
1486 3827 1487 3830 ¹

568 3883 591 3935 0
609 3884 748 3935 vetustatis
767 3883 872 3936 sileatis
891 3882 1011 3937 obsoleto
1031 3882 1145 3936 obiioiot

494 3950 648 4003 invidentur
666 3953 721 4004 into
738 3951 830 4017 orabis,
850 3954 926 4019 foma
946 3960 971 4005 et
990 3955 1053 4021 ipso
1072 3955 1259 4019 eustinpuitar.

498 4018 645 4073 Obortabrr
663 4020 830 4085 btospitenrar
849 4022 912 4074 oiim
929 4038 991 4073 nant
1009 4023 1119 4074 satelles
1136 4020 1256 4088 obstulit,

566 4090 610 4139 Ne
628 4089 763 4142 tenacibus
784 4088 880 4141 libellis
897 4092 1004 4143 erudito
1022 4092 1131 4143 soeculo
1485 4153 1486 4158 ¹

498 4157 631 4223 Ordinem,
652 4166 762 4225 terraram,
780 4160 933 4228 modumque
947 4162 1084 4227 porcionis
1099 4161 1234 4228 proditam

494 4225 623 4277 Dulcibus
643 4228 741 4304 linquis
759 4244 809 4295 prr
827 4245 907 4282 nares
924 4237 1092 4296 posterorum
1109 4236 1275 4299 sparpcreat.

285 4309 353 4375 Pari
378 4314 463 4374 modo
487 4322 516 4374 et
534 4310 737 4393 episcoporum
757 4325 810 4379 aut
825 4317 949 4379 uiiorum
969 4327 1126 4400 martyrum
1143 4320 1179 4381 ad
1198 4299 1454 4402 snoscotoratbttt

285 4399 356 4480 igne
374 4411 518 4463 coornatas
537 4399 630 4463 inisse
648 4401 868 4483 existimamus,
892 4423 966 4487 quas
981 4405 1028 4467 rei
1049 4406 1107 4486 ipsi
1123 4406 1154 4468 in
1170 4404 1293 4468 vineolis
1308 4402 1453 4468 couscaptt‘

285 4496 363 4567 runt,
380 4486 428 4553 rel
439 4488 516 4554 iuter
530 4498 673 4555 tormenta
689 4512 725 4558 ox
740 4492 857 4561 iliorum
870 4514 922 4560 ors
934 4493 1093 4562 Christiani
1110 4483 1298 4582 napiypupot
1308 4475 1453 4585 “nepotuli
