3067 5075
390 295 427 358 de
443 282 575 360 aeterum
590 280 956 376 (lbrietianeran'agapie.
1215 292 1282 359 200
1389 276 1392 281 “

93 466 164 531 oiror
177 467 273 551 epulas
288 466 359 533 illas
375 469 534 534 instructas
550 469 657 547 foisse,
672 487 709 531 eo
725 466 834 533 certius
848 466 996 532 affirmem
1010 484 1181 550 posennus,
1195 467 1283 532 etiam

38 574 40 587 ·
91 556 253 639 christianos
269 556 434 640 primaevos
451 559 489 621 ad
508 560 586 621 burro
602 574 711 621 morem
728 577 762 621 se
779 558 1028 621 accommodasse.
1066 555 1162 637 Quam
1178 556 1282 622 saltere

92 644 243 709 sententiam
259 653 357 710 tuetur
370 644 565 729 Erasmusf).
600 644 679 709 tttot
696 655 775 709 certe
791 644 917 710 dubitari
933 644 1043 727 nequit,
1058 643 1209 726 negotium
1225 644 1282 707 boo

92 732 152 796 riris
165 734 300 814 gravibus
316 740 344 798 et
360 731 533 798 auotoritate
546 730 724 816 pollentibus
736 735 836 797 datam
852 732 958 798 fuisse.
981 732 1037 796 Ubi
1053 742 1152 796 autem
1168 752 1282 816 agapae
1315 800 1317 803 .

92 841 145 883 oon
161 842 246 885 coena
265 821 409 905 dominica
431 822 463 884 in
487 820 562 883 locis
586 821 681 885 saeris
702 821 929 884 celebrabantur
953 830 982 884 et
1005 822 1168 883 edebantur
1189 821 1284 884 instar

91 928 191 987 mensae
198 912 362 988 secundae,
377 918 436 973 noo'
455 929 556 973 omnes
567 919 667 991 patres
683 908 811 971 familias
823 910 947 997 seorsim
965 927 1075 971 coenas
1091 928 1163 972 suae
1179 928 1283 991 parare

91 1005 218 1077 poterant,
239 1000 293 1061 sed
318 998 447 1081 episcopi
473 995 684 1079 etpresbyteri
709 996 894 1068 ordinabam.
943 995 1011 1075 Qua
1031 996 1061 1057 iu
1084 1017 1116 1059 re
1139 1016 1283 1078 peccasse

92 1076 238 1148 Corintbios
253 1084 367 1148 Paulus
387 1095 566 1167 conquestus
585 1093 639 1148 est.
674 1084 773 1147 Primo
796 1083 903 1147 intuitu
924 1083 1057 1163 ridetur,
1079 1086 1157 1166 apud
1173 1081 1283 1146 Coriu-

92 1169 153 1235 tbios
167 1171 236 1236 tales
252 1194 396 1256 personas
411 1174 573 1255 dirigentes
590 1193 648 1234 non
665 1171 773 1236 luisse.
794 1171 855 1235 Sed
873 1181 952 1249 certe
967 1172 1095 1237 inerunt.
1125 1173 1284 1255 Apostolus
1325 1202 1329 1209 .
1380 1192 1384 1217 t

92 1258 153 1322 mim
167 1260 258 1325 lGor.
273 1263 324 1325 12.
342 1270 369 1323 et
387 1259 438 1324 14.
453 1259 576 1342 longum
593 1257 761 1340 catalogum
777 1255 911 1321 ordinum
926 1259 1023 1339 affert,
1039 1269 1068 1322 et
1084 1280 1161 1342 quae
1176 1263 1284 1345 cuique

91 1345 205 1410 iacienda
221 1357 339 1428 esseut,
363 1347 483 1430 expauit
502 1350 537 1427 (1
556 1344 701 1424 Cor.12,
725 1349 767 1409 28
784 1343 836 1427 s).
875 1347 908 1409 lo
925 1346 993 1411 aliis
1015 1368 1131 1431 quoqne
1147 1351 1284 1416 ecclesiis

91 1433 237 1515 siuedubio
255 1437 393 1514 fuerunt,
417 1437 467 1517 qni
492 1434 566 1498 baso
588 1432 723 1498 convivia
745 1436 924 1499 ordinarent.
962 1435 994 1497 ld
1011 1433 1114 1498 saltem
1140 1440 1176 1500 de
1193 1437 1285 1501 ctri-

91 1520 184 1600 stiaois,
201 1523 249 1606 qui
264 1524 380 1587 Romae
396 1526 598 1597 versabantur,
617 1531 741 1586 testatur
756 1521 891 1586 lustinus
907 1521 997 1586 biart.
1032 1522 1112 1586 llicit
1128 1525 1223 1589 enirn:
1247 1516 1284 1588 τὸ

91 1600 292 1690 συλλεγόμενον
305 1599 392 1696 παρὰ
408 1609 453 1690 aqi
475 1606 648 1693 προεστῶτι
664 1607 858 1673 ἀποτίθεται
866 1610 920 1690 ”b
957 1609 1088 1674 Aliorum
1107 1632 1177 1676 roro
1197 1614 1283 1678 etiam
1334 1666 1342 1683 a

90 1696 176 1758 nendo
199 1697 420 1781 rationando,
445 1697 553 1780 quibus
578 1692 722 1781 interesse
746 1696 794 1758 lais
818 1696 961 1762 oonnriis
986 1696 1104 1762 licebat.
1150 1699 1284 1783 Paganie

90 1782 248 1867 aliarumque
271 1786 450 1867 religionum
475 1781 601 1865 asseclis
626 1782 725 1847 aditus
751 1786 788 1846 ad
814 1785 887 1846 baec
911 1784 1046 1848 convivia
1071 1807 1130 1849 non
1155 1793 1284 1869 patebat.

89 1868 252 1937 locabantur
267 1874 469 1936 tantummodo
486 1872 524 1949 it,
549 1870 652 1953 quiin
674 1871 906 1935 communionem
925 1868 1157 1938 ecclesiasticam
1174 1877 1291 1960 recepti

89 1969 154 2021 erant
172 1971 198 2023 et
219 1961 329 2025 adbuc'
344 1960 375 2023 iu
405 1981 440 2024 ea
465 1958 660 2042 persistebant
689 1958 859 2021 continuata
881 1958 1002 2041 pietatis
1026 1958 1114 2024 laude
1136 1961 1284 2044 insignes.
1344 2034 1346 2039 s

91 2047 170 2124 Quare
184 2057 248 2112 ante
264 2049 447 2130 baptismum
465 2069 548 2111 nemo
564 2045 780 2127 admittebatur.
816 2045 930 2108 Fusius
949 2047 1005 2109 boo
1022 2046 1149 2128 explicat
1166 2060 1195 2112 et
1209 2063 1284 2115 can·

90 2152 130 2196 aas
149 2135 227 2199 simul
253 2130 337 2202 addit
351 2134 486 2200 lustinus
503 2133 671 2282 Mart.***J.
695 2133 825 2197 lolantes
849 2133 986 2217 baptizati
1010 2136 1116 2199 adesso
1138 2146 1284 2219 poterant.

90 2222 156 2299 Quos
177 2224 238 2288 ideo
256 2246 318 2287 non
339 2227 482 2288 arcendos
501 2226 569 2285 'esse
587 2242 636 2284 cre
656 2219 791 2299 iderunt,
814 2221 885 2303 quia
903 2221 1115 2287 communionis
1139 2224 1285 2296 ecclesia·

89 2309 163 2374 abrae
175 2312 245 2395 lact-i
260 2316 348 2377 eraut
365 2309 577 2394 participes†).
616 2307 675 2389 Qui
701 2317 796 2377 tamen
813 2330 876 2373 mos
894 2310 1004 2375 sensim
1020 2312 1160 2394 abrogari
1176 2315 1284 2397 coepit,

90 2414 141 2459 oum
155 2398 316 2466 Christiani
328 2406 499 2476 statuerent,
523 2409 555 2459 ut
571 2418 655 2461 nemo
671 2395 880 2474 admitteretur,
904 2397 964 2460 nisi
982 2399 1031 2482 qui
1049 2418 1083 2462 so
1098 2399 1195 2483 ipsum
1211 2424 1284 2485 pro·

89 2483 143 2550 lare
158 2498 261 2569 posset.
313 2486 391 2550 Hinc
410 2486 516 2564 abesae
531 2483 609 2572 jussi
627 2482 846 2563 catechumeni,
871 2485 979 2569 quippo
997 2486 1046 2570 qui
1062 2492 1191 2553 nondum
1207 2489 1284 2555 oiri·

89 2580 157 2636 tatem
176 2576 229 2640 llei
252 2574 354 2657 adepti
382 2583 484 2653 erant,⁴
508 2585 540 2635 ot
563 2593 629 2636 curo
646 2573 814 2655 Augustino
840 2573 1003 2655 loquamur.
1040 2575 1120 2639 Idem
1145 2578 1222 2642 ralet
1247 2582 1284 2643 de
1352 2569 1358 2576 ⁸

88 2661 302 2740 poenitentibus,
328 2670 363 2726 ut
385 2685 423 2725 ex
445 2664 563 2724 decreto
588 2659 757 2742 colligimus
784 2660 902 2736 concilii
917 2662 1154 2746 ilerdensisqlls).
1189 2665 1285 2730 Porro

89 2766 135 2809 non
153 2752 377 2815 adrrrittebaotur
400 2749 437 2827 ti,
461 2750 520 2830 qni.
536 2759 601 2830 post
624 2749 798 2831 baptismum
813 2748 908 2830 ,ejecti
926 2758 1014 2818 ⁴erant
1037 2748 1084 2814 rel
1107 2754 1284 2834 desertores,

87 2836 200 2920 adeoque
214 2838 364 2902 ecclesiae
381 2831 584 2900 communione
602 2836 716 2917 privati.
736 2836 816 2899 ldom
832 2839 909 2916 apud
927 2839 1056 2901 ludaeos
1074 2841 1164 2904 moris
1180 2841 1285 2922 luisse,

89 2931 115 2982 ιι
134 2921 370 2991 excommunicati
396 2922 471 2987 nulli
494 2919 605 2994 oo'enae
631 2924 776 2988 communi
799 2923 942 2987 interesse
967 2925 1136 3003 debuerint,
1168 2950 1216 2992 res
1239 2945 1301 2993 estr

90 3011 149 3075 satis
164 3025 237 3079 nota.
274 3016 373 3095 Quem
390 3032 498 3078 morem
515 3009 629 3074 Paulus
647 3013 664 3074 l
683 3012 751 3076 Cor.
768 3008 806 3088 5,
835 3015 883 3075 ll.
907 3010 1020 3076 ridetur
1042 3014 1222 3096 respexisse.
1239 3049 1286 3066 κ

90 3092 157 3176 §.2
179 3102 230 3165 Do
252 3104 364 3166 modo
390 3111 426 3164 et
450 3099 606 3164 ratione
631 3100 762 3162 borum
790 3097 1069 3164 conviviorum.
1106 3100 1286 3183 Restat,'‚ot

89 3185 194 3266 anplius
209 3192 245 3252 de
262 3192 350 3251 modo
367 3188 523 3254 etratione
540 3186 643 3250 borum
661 3186 858 3251 conviviorum
876 3185 1019 3252 dieamus.
1043 3187 1119 3262 ¹Mos
1135 3187 1192 3253 luit
1205 3196 1285 3275 apud

88 3267 238 3358 Hebraeos,
261 3287 294 3340 ut
311 3295 435 3359 preces,
460 3269 608 3339 orationes
616 3281 629 3353 ,“
648 3295 800 3338 sermones
818 3272 897 3336 sacri
915 3275 1135 3358 gratiarumque
1152 3278 1285 3346 notiones

89 3358 173 3440 epulas
191 3374 219 3426 et
235 3363 370 3428 convivia
387 3363 512 3428 linirent.
552 3363 640 3441 Quae
659 3364 842 3425 consuetudo
862 3364 899 3424 ad
917 3362 1103 3427 Christianos
1120 3365 1287 3448 primitivos

89 3449 210 3513 translata
232 3462 289 3516 est.
330 3450 424 3515 Sicuti
447 3450 523 3513 enim
540 3451 716 3514 ludaeorum
740 3448 893 3527 convivia,
917 3452 1086 3532 dequibus
1107 3453 1170 3535 jam
1193 3476 1287 3537 sopra
1379 3531 1381 3534 ¹

88 3549 259 3619 monuerat,
283 3559 346 3602 nou
363 3538 487 3621 profana
504 3546 532 3601 et
548 3537 673 3615 ludicra,
699 3538 750 3599 sed
768 3558 856 3599 sacra
872 3547 900 3599 ιι
916 3536 946 3598 in
963 3537 1105 3602 bonorem
1122 3540 1179 3603 Dei
1195 3545 1286 3605 udor-

87 3624 285 3708 rataloeroat,
309 3626 354 3689 sie
379 3624 464 3691 etiam
484 3645 605 3707 ,agapae
625 3634 754 3688 veterum
771 3623 1004 3688 Christianorum
1022 3634 1143 3694 sanctae
1159 3640 1242 3692 erant
1258 3640 1287 3693 et

86 3702 111 3767 la
125 3709 176 3774 llei
197 3725 225 3777 et
248 3712 358 3778 Christi
384 3714 523 3806 bonorem
550 3711 877 3792 instituebantur·†††).
917 3711 1036 3776 Hilario
1059 3712 1176 3798 quidem
1202 3721 1288 3782 erant

84 3850 285 3874 Qn—-n-

140 3946 153 3976 ῃ
222 3954 228 3966 .
288 3950 294 3954 -
526 3954 531 3966 .

140 3949 357 4088 *liElmlolgal-
366 3952 689 4092 1postlla-llll}bqo2isslooue
707 4026 755 4077 bae
774 4025 805 4077 de
826 4039 854 4077 re
873 4030 915 4076 est
929 4020 1048 4089 insignis.

140 4083 195 4153 Ψ)
237 4092 325 4158 polog.
343 4095 370 4148 2.
390 4109 416 4160 p.
436 4092 480 4144 bi.

140 4154 171 4223 l)
189 4158 313 4227 cyprian.
333 4162 364 4213 de
383 4161 450 4230 laps.
472 4177 497 4229 p.
515 4160 578 4236 ¹132.

94 4285 99 4297 ‚
139 4227 191 4290 Η)
211 4228 313 4295 „Lapsi
333 4237 431 4297 septem
445 4229 519 4282 annis
539 4228 608 4280 iuter
626 4230 826 4282 catechumenos
850 4236 925 4282 orent
947 4235 974 4281 et
991 4228 1092 4283 ‹luobu'a
1108 4227 1177 4284 inter
1195 4231 1286 4287 calbo·

85 4284 147 4355 lena,
166 4302 256 4359 postea
274 4296 393 4350 fidelibus
410 4300 436 4352 io
456 4297 587 4349 oblatione
604 4305 632 4349 ot
649 4299 809 4351 eoobaristia
829 4298 1052 4352 communicent.“

141 4362 211 4446 fij)
231 4364 321 4417 detor.
340 4370 367 4433 2,
379 4365 492 4421 ιιι-47.
511 4359 619 4425 Πάντες
637 4364 669 4419 δὲ
689 4367 716 4418 ol
732 4358 907 4427 nantolienses
934 4356 1006 4430 ἦσαν
1022 4365 1071 4419 lnl
1087 4361 1118 4419 τὸ
1138 4364 1221 4440 αὐτὸ,
1238 4370 1288 4423 arel

85 4423 150 4490 algor
171 4447 282 4484 onorco
310 4428 400 4491 κοινά.
435 4434 492 4486 Kal
517 4428 551 4485 rb
576 4426 701 4504 κιὴμιτα
724 4435 773 4487 καὶ
795 4431 843 4495 τὰς
863 4427 997 4502 ’ἀπείρξεις
1021 4434 1212 4505 ἐπίπρασκον,
1238 4440 1287 4491 καὶ

84 4487 221 4564 ιῙιεμέριζοι
238 4496 309 4554 αὐτὰ
326 4503 415 4570 πᾶσι,
442 4494 542 4557 καθότι
562 4498 599 4556 ἄν
616 4520 655 4565 τις
669 4505 770 4576 gestor
786 4498 850 4572 εἶχε.
884 4499 956 4556 Καθ’
975 4497 1082 4576 ἡμέραν
1101 4521 1130 4560 τε
1146 4520 1287 4579 πρισιαρ·

123 4577 466 4640 ttmumuuuoams'
1041 4572 1085 4640 14
1128 4599 1135 4668 '.
