3067 5075
320 286 358 347 de
373 281 637 367 mmstirmione
652 282 790 366 bmtisnri
800 286 883 367 apud
897 290 1022 350 veteres.
1208 284 1274 351 129

147 457 200 522 Sic
215 455 378 539 Gregorius
393 459 485 538 Nau,
507 468 608 524 orator
623 468 651 523 et
674 462 760 542 poeta
776 459 920 538 eximius,
943 459 1036 544 patris
1050 461 1084 523 in
1098 458 1275 544 epimpatn

69 545 382 629 Comnatinopolitono
407 567 582 626 successor,
608 549 638 610 in
663 548 740 612 uirili
765 551 881 613 demum
905 557 1000 612 aetate
1030 549 1195 630 baptisatus
1218 559 1273 628 eu,

69 635 191 717 quanvis
216 639 253 697 ab
280 648 362 698 utero
377 637 442 699 Deo
466 648 673 713 consecratus,
699 639 776 719 qnod
801 645 831 700 ot
855 638 892 701 de
914 657 1016 700 sorore
1039 638 1103 720 ejas
1121 638 1275 719 Gorgonis

66 722 135 785 inter
147 734 262 793 ueteres
287 721 478 809 celeberrima
502 724 626 788 relatum
641 724 790 806 legimus,
814 745 835 789 a
855 726 966 789 teneris
980 723 1154 808 unguiculis
1170 726 1201 787 iu
1216 725 1283 791 tts'

68 811 219 875 obustirna
245 822 274 874 et
298 813 407 895 pietate
431 813 617 896 exorcita*),
648 816 701 877 sed
721 821 865 878 'extremo
891 816 1007 879 demum
1036 814 1114 885 ritae
1144 826 1274 898 temporo

66 900 99 962 lto
118 901 213 965 licata.
413 931 419 940 ·
646 936 648 940 ι
1223 950 1227 961 ,

100 923 116 984 P
143 989 292 1051 lohannes
309 987 361 1051 ille
385 986 541 1070 opiscopus
560 988 920 1071 constantinopolitanus,
944 1011 962 1053 a
984 989 1126 1054 laonndis
1143 991 1274 1073 Chryso.-

65 1080 167 1140 domus
182 1077 296 1152 dictus,
320 1098 398 1139 anno
415 1077 519 1141 aetatis
537 1078 589 1140 2l.
614 1098 700 1140 sacro
724 1078 807 1140 fonte
831 1075 989 1140 allieletio
1012 1078 1144 1158 initiatus
1169 1087 1230 1157 est,
1253 1098 1273 1145 tt

66 1165 181 1227 Libanio
200 1165 334 1228 doctriua
353 1165 514 1228 christiana
531 1176 619 1228 antea
642 1167 782 1229 imbutus.
820 1165 947 1247 ipseque
963 1167 1137 1230 Ambrosios
1155 1167 1274 1229 llledio-

67 1252 231 1330 lonensi-,o
248 1253 326 1316 cirili
343 1254 529 1336 praefectura
545 1255 708 1317 anuo374,
724 1256 875 1315 traductus
891 1257 928 1315 ad
946 1254 1188 1331 ecelesiasticam,
1206 1276 1274 1317 cunr

66 1341 297 1404 Mediolanenses
313 1342 344 1403 iu
361 1342 503 1410 electione
520 1341 677 1404 convenire
702 1362 759 1403 non
779 1354 898 1422 possent
913 1344 950 1403 de
971 1343 1159 1425 episcopatu,
1184 1356 1212 1406 et
1234 1346 1273 1406 ab

65 1429 228 1510 imperatore
247 1441 278 1492 nt
293 1432 395 1493 turbas
412 1430 657 1512 sopiretmissns,
675 1429 832 1510 ingressus
849 1427 998 1510 templum,
1016 1430 1161 1494 salutatus
1177 1433 1274 1495 statim

67 1530 136 1580 csta
153 1518 261 1602 populo
279 1517 452 1600 episeopus,
477 1519 507 1579 in
524 1519 764 1581 catechumenatu
780 1520 877 1580 adhuc
895 1519 1086 1594 constitutus,
1111 1513 1204 1601 quare
1219 1523 1274 1582 do·

66 1626 132 1668 mum
150 1617 214 1686 post
239 1606 410 1669 eiectionem
428 1626 514 1669 sacro
537 1607 618 1669 lonte
642 1606 750 1669 tinctus
775 1617 835 1682 est,
860 1618 998 1670 narrante
1015 1605 1141 1669 Paulino
1164 1609 1196 1670 iu
1215 1608 1275 1671 rita

67 1692 130 1775 rius
153 1690 336 1777 Rufinum,
359 1698 430 1777 tu),
456 1696 579 1759 socrate
596 1693 640 1776 (4,
658 1696 737 1779 ru),
761 1694 950 1757 rnoororeo
967 1691 1010 1777 rs,
1027 1697 1150 1780 o-r.),
1174 1697 1273 1760 8....
1365 1787 1369 1793 .
1410 1718 1418 1725 ι

67 1781 197 1861 marolii,
214 1785 295 1859 24).

139 1870 231 1932 Porro
258 1881 285 1932 et
304 1870 453 1934 Eusebius
471 1868 712 1952 cappadocensis
728 1889 806 1931 anuo
824 1870 898 1933 362.
921 1868 1032 1933 invitus
1051 1882 1078 1934 et
1098 1893 1272 1954 repugnans

67 1957 212 2040 episcopus
241 1958 352 2020 electas
377 1969 439 2036 est,
472 1961 602 2020 nondum
626 1957 813 2039 baptizatus:
842 1957 1049 2021 Nazianzenus
1074 1972 1147 2024 orat.
1171 1962 1220 2023 19.
1245 1970 1274 2024 et

67 2046 209 2109 Arintheus
228 2058 366 2128 praetor,
389 2046 435 2108 vir
452 2045 621 2108 consularis
638 2056 667 2107 et
683 2047 784 2126 magni
802 2045 946 2124 nominis,
970 2050 1008 2108 ab
1024 2069 1117 2110 uxore
1132 2051 1170 2110 ad
1186 2048 1273 2112 fidem

67 2154 222 2209 conversus,
245 2137 359 2196 tandem
375 2136 407 2196 iu
424 2133 482 2197 fine
498 2134 575 2197 ritae
593 2135 782 2212 decumbens,
801 2133 947 2216 baptismo
964 2134 1097 2199 initiatus
1114 2143 1168 2217 cst,
1186 2147 1275 2218 prout

66 2223 142 2286 refert
155 2222 292 2286 Basilius
307 2224 350 2289 Μ.
368 2243 414 2304 ep.
431 2223 461 2286 5.
477 2223 508 2283 in
526 2221 735 2284 additionibus.

141 2310 396 2392 Constantinopoli
421 2309 452 2372 in
468 2309 612 2373 electione
629 2308 758 2375 Nectarii
778 2309 855 2373 idem
873 2310 1004 2392 contigit.
1042 2312 1100 2374 Hic
1116 2313 1193 2376 forte
1208 2315 1273 2377 sor-

66 2405 266 2463 tnnaracaute
288 2399 460 2481 episcopatu
483 2398 523 2460 ibi
549 2401 786 2460 commorabatur
809 2407 838 2461 et
867 2419 956 2461 coeco
980 2401 1090 2480 impetu
1107 2402 1272 2467 alliodoro

66 2485 195 2552 'farsensi
214 2487 311 2570 episc.
336 2486 607 2551 intercardidutns
631 2486 711 2550 sedis
736 2485 915 2570 episcopalis
939 2487 1123 2572 adscriptus,
1148 2493 1186 2553 ab
1202 2491 1274 2574 imp.

67 2573 221 2639 Theodosio
234 2576 463 2657 constantinop.
477 2575 635 2658 episcopus
652 2575 826 2654 eligebatur,
846 2596 911 2639 cum
928 2578 1024 2639 adhuc
1040 2589 1118 2641 esset
1134 2581 1274 2642 catechu-

68 2681 171 2739 menus,
194 2665 375 2743 ignorabant
400 2664 477 2726 enim
501 2664 589 2726 vitam
612 2663 741 2725 Nectarii
764 2665 932 2742 Diodorus,
956 2667 1053 2746 neque
1078 2666 1155 2729 enim
1178 2688 1273 2730 ausus

67 2748 159 2815 inisset
174 2754 275 2817 sciens
291 2755 420 2813 nondum
438 2751 583 2832 baptizato
600 2752 670 2813 dare
687 2750 863 2831 suffragium
880 2753 1057 2830 sacerdotii3
1080 2756 1132 2817 sed
1146 2767 1183 2818 ut
1198 2777 1273 2818 eou-

68 2851 223 2904 sentaueum
240 2850 298 2917 est,
315 2840 384 2922 quia
402 2860 494 2902 canus
510 2849 582 2916 erat,
599 2838 719 2920 putarit,
737 2836 803 2901 erim
817 2841 879 2921 jam
893 2839 963 2901 olim
975 2839 1070 2904 fuisse
1083 2842 1273 2924 baptizatum.

141 2930 324 3011 Augustinus
348 2949 436 3009 porro
461 2949 477 2990 a
498 2926 741 2989 Manichaeorum
765 2925 868 2989 schola
893 2930 930 2989 ad
953 2926 1038 2990 fidem
1065 2940 1092 2991 et
1116 2928 1295 2994 ecclesiam·

68 3015 224 3081 catholicam
242 3037 401 3094 reversus,
425 3036 503 3077 anno
520 3018 635 3077 doraum
658 3012 762 3076 aetatis
779 3013 831 3078 34.
857 3014 1022 3077 Mediolani
1039 3016 1202 3099 baptizatus
1219 3028 1273 3097 est,

68 3121 122 3163 tun
134 3105 192 3186 jam
207 3104 371 3186 soliloquia
388 3113 417 3167 et
432 3102 656 3165 commentarios
673 3104 709 3164 de
726 3102 786 3165 rita
803 3104 898 3180 beata,
915 3105 952 3165 de
969 3103 1081 3182 ordine,
1099 3107 1136 3168 de
1152 3105 1274 3168 immor-

61 3189 164 3259 talitate
187 3194 323 3270 animae,
348 3195 385 3255 de
410 3191 566 3273 disciplina
590 3187 768 3253 absolvisset
792 3200 821 3254 et
839 3201 941 3254 contra
964 3192 1152 3257 academicos
1178 3194 1227 3278 pie
1245 3203 1275 3258 et

68 3276 176 3342 solerter
190 3282 392 3364 disputasset,
417 3280 484 3341 hinc
502 3300 536 3340 eo
555 3290 683 3359 tempore
709 3299 766 3339 non
784 3279 1030 3360 rudimentorum,
1052 3284 1104 3345 sed
1122 3283 1274 3364 penitioris

69 3364 268 3450 christianismi
280 3367 479 3451 peritissimus
497 3367 576 3429 credi
594 3366 698 3448 potnit.

140 3449 279 3539 lienique,
294 3477 420 3536 magnus
438 3454 489 3517 ille
515 3454 688 3516 clinicorum
711 3475 854 3517 numerus
877 3453 926 3535 qui
951 3454 982 3516 in
1007 3455 1084 3519 lecto
1107 3458 1275 3521 moribundi

67 3538 287 3622 baptizabantur,
309 3567 347 3608 ne
364 3544 428 3606 sine
445 3542 588 3623 baptismo
606 3543 801 3619 discederent,
819 3544 896 3604 hanc
912 3544 1205 3623 procrastinationem
1221 3566 1275 3608 sa-

67 3624 98 3687 lit
111 3633 248 3711 probant3
266 3654 343 3715 quae
360 3642 389 3694 et
404 3630 511 3694 exinde
523 3641 604 3693 certa
620 3641 674 3703 est,
692 3630 762 3712 qnia
778 3638 893 3692 veteres
912 3630 991 3692 inira
1006 3631 1155 3695 excitandi
1172 3632 1273 3715 pessi·

67 3732 134 3777 mum
148 3720 226 3783 bnnc
243 3743 353 3784 morem
370 3719 477 3782 acriter
492 3721 685 3799 redarguunt.
712 3753 751 3764 —
786 3717 816 3802 ξ.
837 3721 868 3781 7.
899 3717 986 3781 Licet
1002 3740 1069 3782 raro
1090 3721 1275 3802 perniciosae

66 3799 126 3863 bric
144 3808 349 3872 consuetudini
376 3806 491 3870 fortiter
515 3806 686 3890 resisterent
707 3826 744 3868 ac
767 3816 971 3887 repugnarent
992 3808 1104 3890 antiqui
1130 3811 1275 3875 ecclesiae

67 3888 198 3974 doctores,
214 3897 258 3959 ita
274 3907 307 3959 nt
323 3918 385 3960 sec.
400 3895 536 3976 inprimis
548 3896 578 3959 5.
597 3894 726 3958 extincta
740 3894 804 3956 iere
820 3893 978 3972 rideretur,
994 3896 1161 3978 pullulabat
1178 3910 1276 3962 tamen

66 3994 178 4062 semper,
196 3995 235 4063 et,
254 3987 333 4068 qnod
345 3983 494 4062 miramur,
510 3994 577 4066 post
586 3982 687 4048 Caroli
696 3982 740 4047 Μ.
753 3991 885 4070 tempora
896 3981 1002 4048 iterum
1016 3988 1103 4067 quasi
1117 4006 1274 4071 emergens

72 4140 278 4164 *—

126 4237 157 4307 *)
183 4241 220 4295 llo
247 4245 331 4297 minas
358 4245 424 4296 baec
454 4242 656 4309 procrastinatio
683 4234 844 4295 excusandi.
884 4243 997 4296 Racilius
1026 4245 1073 4297 hos
1100 4246 1133 4297 ab
1162 4243 1276 4299 infantia

68 4302 154 4359 Christi
171 4312 315 4366 doctrinam
336 4315 443 4366 edoctos
462 4312 501 4363 itu
519 4311 676 4378 alloquiturr
715 4316 755 4363 Tu
779 4313 826 4381 qur·
843 4329 860 4361 a
877 4329 960 4378 puero
978 4312 1042 4377 fidet
1056 4316 1210 4365 rudimentis
1229 4316 1275 4367 im·

68 4371 136 4427 ictuc
153 4397 188 4443 ee,
204 4385 316 4433 nondam
336 4381 473 4435 nosenm'stt'
487 4382 615 4434 ceritati?
650 4386 690 4431 Tu
708 4382 755 4448 qrtr'
770 4398 869 4447 semper·
886 4383 986 4444 ediscit,
1005 4384 1116 4433 nondum
1133 4386 1278 4448 perventae·

69 4442 101 4489 nd
116 4450 302 4512 eogntrtomr
324 4467 491 4519 peromnem
509 4451 589 4501 vitam
616 4451 816 4515 experimentum
838 4451 928 4516 capis,
954 4453 992 4500 orl
1014 4460 1169 4502 amaturae
1194 4471 1276 4525 usque

63 4514 198 4583 rapum,
216 4522 319 4589 wado
336 4523 442 4572 tandem
459 4518 506 4585 tier
527 4520 712 4571 anatome?
730 4520 836 4589 wando
856 4535 1025 4587 agnoscemur
1041 4530 1069 4573 te
1087 4525 1225 4575 marnoa?

110 4598 170 4644 tter.
182 4605 287 4656 nrtqoiu.
297 4608 438 4654 emirum,
1035 4610 1075 4673 ,9
