3067 5075
243 267 336 347 ,ιιι
669 268 804 336 xxxiv.
847 268 941 337 uon.
954 269 1083 336 senune
1184 221 1190 231 ’

270 443 457 507 Simonianae
474 440 743 509 fallatiae·,seutina
759 445 931 508 detestanda
946 455 976 508 et
991 448 1166 510 dnmusndn.
1185 480 1230 493 -
1253 445 1281 529 ξ.
1301 444 1351 511 lt.
1365 444 1452 512 uuor

269 533 335 607 boe,
354 531 424 613 qnia
438 528 507 612 lage
524 530 655 592 raritatis
672 530 851 596 christianae
867 546 1064 609 mensuratur,
1090 535 1156 597 ideo
1172 532 1296 615 quilibet
1311 532 1453 599 landoari·

269 617 431 696 nradrertit,
450 618 594 681 neminem
607 631 740 682 ruentum
756 623 794 683 ad
811 622 866 684 boe
882 621 1009 684 officinm
1020 643 1109 706 perse
1120 623 1235 684 noesuti
1250 623 1360 703 deesse
1375 644 1452 704 quou-

269 730 355 790 quam
372 705 441 785 lege
458 707 579 788 speciali
598 708 741 771 canoniea
757 729 792 771 eo
806 709 1015 792 prohibeantur
1031 710 1164 774 mouuebi
1174 720 1204 772 et
1216 711 1348 788 abbates,
1362 732 1392 773 ee
1403 733 1452 793 pro·

270 796 318 859 uui
331 795 425 858 dubio
443 793 578 873 oonsilio,
596 817 633 859 ne
650 809 733 859 extra
750 798 928 861 monasteria
945 810 1102 862 evocentur
1115 809 1143 862 et
1158 798 1288 878 negotiis
1306 797 1401 862 olienis
1414 799 1452 860 ia·

268 882 424 966 plieentur.
456 884 599 946 Parentes
615 885 731 966 quidem
747 886 897 949 naturales
912 886 969 948 boe
985 907 1106 949 munere
1123 887 1283 949 defunctos
1298 906 1362 949 esso
1375 889 1453 966 probat

267 971 473 1051 Augustinus:
506 979 643 1036 Nouimus
657 976 792 1055 pnruuloo
806 985 954 1055 pernotata
972 977 1101 1037 munibus
1116 977 1154 1037 nd
1166 983 1292 1054 pretiosa
1307 983 1391 1038 ιιιιιιιί
1403 977 1453 1054 bup-

267 1068 345 1124 tionrt
359 1064 528 1141 deportatos.
567 1062 605 1122 dt
620 1072 722 1141 postea
738 1079 791 1123 ees
810 1082 876 1124 esse
893 1063 1054 1144 probibites
1071 1064 1109 1125 ab
1123 1064 1181 1125 boe
1195 1083 1333 1142 munere,
1354 1080 1453 1144 sepiem

268 1157 430 1230 temporum
447 1147 547 1228 praxis
567 1147 675 1211 evincit
698 1168 795 1231 neque
819 1161 973 1233 propterea
993 1149 1110 1233 penitus
1133 1151 1315 1232 rejiciendus
1330 1169 1401 1229 mos,
1417 1150 1454 1210 oei

269 1237 339 1320 quia
362 1237 494 1298 instituto
518 1236 614 1315 magis
636 1237 772 1300 convenit
790 1236 881 1315 alter,
906 1238 952 1301 rel
979 1260 1014 1301 eo
1036 1238 1141 1302 saitem
1166 1237 1453 1313 neminedaudanies,

268 1328 344 1409 quod
363 1322 486 1386 mortuis
502 1324 588 1386 etiam
606 1325 777 1406 parentibus
792 1325 992 1403 naturalibus,
1015 1335 1067 1390 out
1084 1326 1145 1390 alia
1160 1329 1196 1390 de
1214 1347 1308 1390 eausa
1321 1328 1357 1388 ab
1371 1323 1452 1399 elisio,

249 1434 325 1496 ,quo
343 1413 446 1475 liberis
464 1412 630 1475 rudioribus
646 1413 780 1495 inprimis
796 1424 824 1476 et
840 1414 1049 1497 infirmioribus
1067 1425 1210 1491 tenentur,
1232 1414 1370 1489 arurotis,
1384 1414 1453 1491 adop

267 1502 334 1566 tiris
350 1503 482 1583 gaudere
499 1502 629 1582 possint,
655 1523 708 1582 per
722 1520 799 1583 ques
819 1502 936 1584 jantnra
953 1514 982 1567 et
997 1503 1118 1566 amissio
1135 1502 1321 1567 educationis
1336 1500 1453 1563 resanuit-

267 1601 323 1653 tnr.
366 1590 447 1653 Unde
467 1590 535 1670 jure
554 1589 697 1652 libertatis
716 1589 890 1653 christianae
906 1610 974 1653 sese
991 1592 1067 1653 tueri
1083 1601 1180 1673 potest
1203 1593 1335 1670 synodus
1350 1588 1453 1665 Mogon-

267 1679 338 1756 tintr,
364 1697 438 1760 qnae
456 1677 485 1738 in
503 1679 578 1739 bane
594 1699 655 1740 rem
671 1698 784 1740 uaunne
800 1676 943 1760 peeniinri
960 1680 1031 1757 (55)
1046 1679 1273 1742 animadvertit:
1308 1680 1403 1740 uota
1414 1680 1452 1754 ipi-

266 1777 314 1829 tor
337 1772 481 1846 propriaue
499 1766 588 1842 filiurn
611 1769 654 1829 erl
675 1773 821 1847 proprioru
843 1767 934 1843 filiurn
958 1769 992 1828 do
1014 1770 1092 1843 ferito
1114 1772 1249 1850 bnptiend
1270 1771 1452 1860 ruminet-⁸

168 1888 170 1891 ·
267 1852 295 1937 §-
317 1855 365 1916 Ιθ.
398 1853 548 1916 Sanctitrrs
564 1866 661 1916 autem
679 1865 707 1916 et
730 1855 878 1917 ueneratio
894 1854 986 1936 liujus
1002 1857 1077 1919 nitus
1098 1856 1145 1920 vel
1169 1857 1242 1919 iude
1257 1856 1451 1932 orianegnes

265 1953 377 2025 potest,
404 1945 480 2023 qnod
499 1943 716 2005 miserirordiae
737 1964 844 2006 nornen
861 1943 968 2006 exinde
983 1954 1130 2006 merentur
1147 1944 1189 2019 is,
1215 1943 1267 2026 qui
1283 1943 1370 2005 libere
1384 1939 1452 2000 niden

267 2030 348 2111 speri
367 2031 546 2112 perficiendo
563 2053 596 2093 se
612 2034 812 2094 accommodat
829 2042 857 2093 et
872 2031 1002 2113 petitioni
1017 2040 1167 2112 parentum
1180 2032 1328 2107 subvenit,
1343 2026 1451 2111 quinino

266 2119 304 2181 ab
322 2122 423 2182 eedem
441 2139 479 2181 ne
496 2119 578 2200 ipsae
603 2119 721 2201 quidem
746 2119 893 2200 virgines,
918 2140 994 2202 quae
1011 2131 1077 2182 roto
1100 2120 1244 2201 peenliari
1263 2115 1392 2195 relipioui
1404 2130 1451 2173 sete

267 2218 491 2285 eonsecraruut,
509 2206 705 2286 excipiuntur,
724 2228 758 2268 eo
775 2227 869 2288 usque
886 2217 919 2268 nt
936 2208 1029 2270 eidem
1047 2230 1162 2290 qunque
1179 2209 1349 2290 peragendo
1361 2200 1452 2279 oblitt-

267 2307 313 2357 tas
329 2286 423 2356 fuisse
440 2297 534 2355 tradat
549 2294 733 2373 Augustinus
752 2292 814 2377 (ep.
830 2290 919 2373 23.):
952 2300 1062 2358 Multos
1078 2320 1135 2360 neor
1157 2299 1255 2377 offerri
1278 2320 1298 2358 o
1312 2292 1451 2377 pomllllb

187 2458 191 2463 .
265 2386 315 2445 aad
328 2390 412 2445 atione
429 2384 624 2462 inquibuslibet
647 2388 805 2459 antrannis,
831 2387 950 2445 mutio
972 2387 1094 2448 dominis
1112 2389 1216 2449 seruoli
1239 2384 1386 2466 aliquunde
1398 2377 1451 2453 edt-

266 2482 367 2533 ruator
391 2479 418 2530 et
435 2491 633 2551 nonnunquam
649 2476 767 2532 numnis
789 2471 949 2550 parentibus
965 2479 1027 2534 suis
1049 2477 1162 2553 pomuli
1185 2476 1363 2555 baptizentur
1382 2465 1451 2527 till

266 2561 367 2631 alieti,
393 2564 440 2639 pori
460 2564 490 2619 in
513 2560 572 2620 illis
588 2560 745 2634 loup'rrsrnodi
767 2562 987 2622 minerieerdiuno
1010 2565 1120 2642 prebere
1141 2573 1308 2643 potnnrnatp
1331 2550 1450 2637 obponit

266 2653 435 2720 etiannum,
459 2668 528 2726 puer
554 2649 699 2709 crudeliter
721 2657 851 2727 parom
876 2660 1063 2728 apposuerunt
1085 2653 1249 2713 nntriendos
1270 2671 1289 2712 n
1312 2641 1449 2729 pertulit,

266 2756 467 2816 aonnuaqunm
483 2757 501 2795 u
518 2740 609 2796 suerio
619 2737 770 2813 nirpiaibors
786 2738 962 2813 nellipuntur,
978 2739 1015 2798 nb
1028 2744 1069 2799 eis
1084 2740 1243 2815 efferuntur
1257 2740 1295 2801 nd
1307 2738 1450 2815 bnptiontttt·

269 2857 304 2872 ·-
334 2823 362 2907 ᾗ.
382 2826 432 2885 17.
453 2819 529 2883 tttnn
547 2844 616 2885 veno
631 2843 690 2885 uon
706 2825 950 2905 praetereundum
967 2835 1020 2899 est,
1037 2827 1114 2906 qnod
1130 2827 1166 2887 ad
1185 2844 1337 2888 numerum
1352 2831 1449 2891 suscep

267 2919 361 2972 terum
378 2908 490 2984 adiuel,
507 2932 591 2992 quem
609 2932 667 2973 uou
684 2913 809 2973 eundern
826 2931 952 2991 semper,
969 2914 1021 2974 sed
1039 2912 1185 2976 divmum
1198 2933 1252 2994 pre
1268 2911 1326 2974 inei
1337 2906 1449 3003 eujultll

266 2997 480 3062 cousuetudine
497 2997 671 3062 babuerunt.
708 2997 794 3061 lllud
807 3010 918 3062 eertum
935 3009 997 3077 est,
1021 2998 1150 3064 libertati
1173 3000 1351 3064 christianae
1369 3003 1450 3054 nurus·
1488 3077 1489 3082 γ

266 3089 412 3171 cujusque
429 3086 572 3149 ecelesiae
589 3087 683 3149 fuisso
700 3086 843 3166 relietum,
867 3108 963 3170 neque
981 3107 1097 3172 semper
1115 3089 1277 3169 definiisse,
1294 3091 1362 3170 quet
1374 3088 1449 3143 result

266 3175 433 3240 asniseendi
452 3183 568 3251 essent,
592 3183 627 3236 ee
642 3194 737 3256 usque
753 3183 786 3235 nt
808 3173 865 3237 beo
890 3174 921 3237 iu
938 3174 1033 3258 eapite
1059 3199 1111 3259 pre
1137 3188 1211 3240 nutu
1234 3189 1264 3241 et
1286 3168 1449 3267 arbitrieplll

264 3263 409 3325 interdum
426 3262 620 3343 dispensaret.
657 3262 743 3338 Quod
761 3272 838 3325 tenet
855 3261 941 3326 etiam
958 3265 1139 3338 communior
1157 3265 1330 3329 nostratium
1343 3260 1449 3338 inpune

266 3348 461 3415 ecelesiarum
478 3348 595 3430 praxiS,
621 3369 696 3431 quae
720 3347 818 3430 legem
834 3350 946 3433 Hygini
962 3353 1113 3416 Pontibois
1136 3352 1257 3417 sustulit
1280 3356 1317 3415 do
1334 3364 1387 3410 nuo
1399 3353 1450 3403 snt·

267 3447 385 3520 captore
401 3437 578 3499 admittendo
597 3448 626 3500 et
642 3446 743 3500 eontra
765 3459 906 3503 nunonem
922 3441 1033 3505 Leonis
1050 3442 1228 3520 sancientis,
1252 3452 1285 3504 ot
1306 3457 1358 3501 noa
1378 3431 1450 3512 Μ

266 3530 305 3590 nd
319 3528 524 3608 suseipierrdunr
540 3529 574 3588 de
588 3528 724 3607 bnpflrouo
746 3528 884 3605 insontem
908 3533 1057 3606 euredum,
1083 3551 1167 3611 poeno
1184 3551 1257 3593 uuus
1278 3536 1335 3592 nino
1350 3516 1450 3584 ”W

265 3619 382 3693 noluo,
409 3636 562 3679 nnmerum
579 3635 633 3696 pro
649 3614 784 3678 libertato
799 3637 854 3681 sua
874 3617 965 3681 anxit.
1005 3616 1086 3680 Alias
1104 3639 1174 3680 vere
1189 3616 1333 3681 eeclesias
1347 3625 1399 3672 nuo
1412 3605 1449 3704 ffb

265 3707 351 3766 donet
366 3703 536 3785 Critopulns
552 3704 583 3765 in
601 3704 679 3768 conf.
696 3724 760 3786 eap.
777 3708 807 3769 7.
845 3705 929 3768 Unde
945 3706 976 3766 id
992 3704 1061 3768 elici
1076 3715 1187 3787 potest,
1212 3705 1299 3767 ritum
1313 3703 1383 3764 buno
1395 3677 1449 3752 nibil

265 3794 391 3868 addere,
415 3793 492 3872 quod
517 3795 555 3853 ad
579 3792 711 3874 baptismi
738 3792 972 3855 constitutionem
996 3793 1136 3874 pertinet,
1163 3814 1263 3857 vernon
1286 3811 1323 3855 en
1343 3779 1448 3846 liberttlt

265 3878 425 3944 obristiana
441 3884 651 3961 usurpandum,
668 3881 737 3964 qnia
752 3902 821 3944 vero
836 3889 896 3942 tota
912 3880 996 3943 etiam
1011 3900 1061 3943 res
1072 3884 1110 3943 nd
1126 3882 1260 3963 pietatem
1272 3874 1448 3968 aduentu

265 3974 388 4050 spectat,
411 3978 479 4030 tuuc
495 3967 586 4032 facile
602 3968 725 4051 quilibet
742 3968 956 4046 animaduertit,
980 3989 1041 4031 rem
1056 3979 1144 4034 tutam
1160 3991 1200 4033 ex
1214 3969 1311 4033 auimo
1327 3960 1448 4042 agentiuu

265 4068 295 4120 ot
310 4055 521 4118 instituentium
538 4057 698 4121 intentione
715 4076 784 4119 esse
798 4055 988 4137 judicandam
1005 4078 1100 4139 nequa
1121 4046 1367 4124 sannen-teneri
1379 4040 1448 4105 narrt

264 4155 316 4209 aut
332 4156 522 4227 praepostere
540 4145 663 4208 oonsilio
678 4141 782 4205 mutari
793 4145 918 4221 debere;
936 4164 972 4207 ea
988 4144 1064 4209 enirn
1082 4167 1130 4209 res
1146 4155 1320 4228 argumente
1336 4151 1395 4202 esst
1406 4140 1449 4206 W

264 4243 322 4297 test
338 4232 502 4310 eeclesiae,
528 4254 653 4315 quaese
676 4252 789 4293 merum
814 4230 982 4313 integritate
1007 4233 1132 4317 fideique
1149 4233 1272 4317 puritate
1287 4212 1447 4295 eumulldib

265 4342 323 4403 quo
341 4323 408 4403 ejus
431 4324 468 4383 ad
494 4320 658 4402 exemplum
680 4318 822 4382 hodierna
843 4341 960 4404 queque
984 4332 1160 4403 temperant
1185 4298 1449 4405 uitrupon‘ereullf,et

266 4410 394 4489 eonrnpti
411 4428 507 4472 mores
525 4408 789 4471 conformarentur.
812 4444 852 4458 -
876 4407 913 4493 §.
930 4412 981 4473 18.
1012 4411 1163 4482 Postremo
1179 4423 1209 4475 et
1224 4411 1297 4474 iliud
1311 4422 1365 4470 unu
1380 4390 1447 4497 ΜΨ

265 4497 382 4564 modum
399 4508 459 4577 est,
485 4489 565 4581 ‹pnod
586 4498 654 4581 jure
670 4496 917 4581 speeiulienolen
940 4499 1008 4564 bine
1032 4499 1176 4567 translata
1196 4500 1236 4565 sit
1251 4497 1368 4581 oopoolil
1380 4474 1448 4564 ’Μ’
