3067 5075
759 1177 982 1267 XXXIV.

417 1399 576 1515 Andr.
606 1396 837 1491 Schuler
867 1400 922 1488 de
950 1399 1334 1518 susceptoribus*).

351 1657 381 1741 ξ.
403 1658 434 1719 l.
472 1654 620 1734 Tempore
642 1654 792 1716 nascentis
815 1654 962 1718 ccclesiae
986 1653 1181 1738 simpliciores
1198 1654 1301 1718 luisse
1325 1652 1412 1729 ritus,
1430 1645 1464 1711 ml

265 1743 330 1827 ipsa
346 1742 548 1825 mysteriorum
565 1741 728 1804 diuinorum
743 1741 775 1803 iu
789 1743 827 1806 N.
835 1744 874 1808 Τ.
893 1742 1039 1827 descripta
1054 1743 1197 1806 institutio
1215 1747 1316 1819 docet,
1332 1739 1381 1803 uhi
1396 1756 1464 1820 prae·

266 1843 310 1895 ter
332 1830 503 1895 necessaria
525 1841 774 1893 sacramentorum
798 1831 932 1914 haptismi
959 1841 988 1895 et
1012 1831 1207 1896 eucharistiae
1232 1829 1311 1894 nihil
1335 1837 1384 1892 aut
1404 1832 1463 1886 certe

266 1924 368 2003 parum
381 1941 489 1995 eorum,
507 1940 584 2001 quae
600 1919 686 1981 hodie
698 1917 845 1982 ecclesiae
861 1922 1042 1983 consuetudo
1061 1918 1162 2000 recipit
1178 1938 1214 1982 ac
1232 1918 1352 1995 retinet,
1369 1912 1463 1994 legitur,

266 2008 373 2092 quippe
390 2010 466 2092 quud
483 2005 531 2069 illi
547 2007 642 2070 sancti
658 2007 789 2071 homiues
806 2006 1015 2090 intelligerent,
1032 2006 1205 2088 discipliuae
1219 2005 1402 2069 christianae
1414 2019 1462 2061 mo-

265 2098 334 2160 dum
351 2117 418 2160 esse
435 2096 539 2173 talem,
564 2095 685 2178 quilici
703 2096 813 2158 cultum
828 2098 866 2159 ah
882 2097 1012 2160 externis
1029 2099 1064 2158 ad
1087 2094 1245 2173 interiora,
1271 2116 1291 2157 a
1309 2110 1423 2173 corpore
1435 2085 1462 2149 al

265 2187 394 2248 animum
413 2204 571 2262 reuocans,
596 2192 685 2246 totum
702 2183 734 2244 ia
756 2205 827 2247 vera
843 2186 986 2247 adversus
1003 2186 1098 2247 Deum
1115 2182 1242 2264 pictate,
1266 2183 1408 2245 aduersus
1420 2172 1461 2234 ho·

264 2275 359 2337 mines
374 2273 442 2351 tide,
456 2272 570 2356 justitia
586 2293 621 2334 ac
637 2273 798 2350 honestate,
814 2294 873 2335 uno
889 2274 989 2350 verho,
1006 2272 1038 2333 in
1054 2291 1168 2334 summa
1183 2292 1301 2332 morum
1319 2259 1461 2329 innocentia

196 2396 200 2402 ·
266 2361 425 2425 coustituit.
461 2358 620 2441 dereliqui
637 2359 720 2438 ritus,
737 2381 796 2422 nou
813 2360 998 2424 necessitatis
1014 2379 1114 2437 eausa,
1138 2360 1190 2421 sed
1207 2368 1333 2439 propter
1349 2357 1461 2416 decorum

265 2449 440 2524 introducti,
464 2447 602 2510 diuturna
623 2457 652 2510 et
668 2448 755 2511 tacita
779 2451 894 2512 tandem
913 2449 1104 2531 usurpatione
1121 2446 1285 2509 confirmati
1306 2452 1390 2517 sout3
1410 2455 1461 2499 mr

265 2540 380 2600 suetudo
401 2544 491 2614 enim,
515 2537 610 2618 iuquit
627 2535 762 2615 Seneca,
785 2541 866 2601 relos
889 2539 973 2617 offert
995 2544 1198 2612 constantium
1222 2557 1292 2597 cum
1314 2527 1395 2595 multi
1414 2522 1461 2587 sire

266 2626 350 2689 titulo
373 2625 516 2688 libertatis
541 2624 735 2704 christianae,
759 2626 822 2688 sire
843 2626 945 2688 inuata
968 2636 996 2687 et
1019 2623 1162 2702 communi
1179 2626 1310 2705 quadarn
1334 2615 1459 2681 homiuum

264 2715 403 2792 vanitate,
420 2712 635 2793 simplieitatem
650 2714 740 2775 divini
755 2714 877 2776 instituti
894 2712 1071 2788 fastidiente,
1087 2711 1210 2793 abrepti,
1228 2720 1357 2774 mentem
1372 2706 1406 2767 ad
1420 2719 1460 2763 ex·

265 2803 438 2883 cogitandos
454 2803 544 2862 hosce
560 2803 633 2863 ritus
650 2801 830 2863 convertisse
847 2801 1024 2876 rideantur.»
1045 2802 1090 2863 De
1108 2821 1165 2881 quo
1182 2806 1369 2879 argumento,
1385 2784 1459 2869 inpri-

265 2891 321 2953 mis
337 2890 406 2952 iero
423 2891 459 2952 de
475 2889 609 2971 baptismi
626 2889 812 2972 simplicitate
827 2891 901 2952 scite
917 2888 1020 2950 sorihit
1031 2886 1236 2950 Tertullianus
1254 2891 1309 2964 (de
1324 2889 1400 2963 hapt·
1411 2873 1459 2951 2·)²

265 2982 347 3043 Nihil
362 2982 431 3042 udeo
447 2990 487 3068 eat
503 2982 575 3061 qaod
591 2982 708 3042 olrlurut
730 2989 832 3040 orentes
848 2982 1003 3055 hominum,
1026 2998 1109 3058 quum
1131 2979 1302 3055 simplicitas
1324 2975 1459 3035 alcoinum

265 3092 394 3150 opemm;
409 3090 481 3149 qaue
496 3074 527 3129 io
541 3078 605 3129 uetur
622 3070 729 3130 uidetur
744 3078 771 3129 et
789 3066 1008 3145 mupaipioeatio,
1025 3087 1095 3146 meae
1109 3071 1140 3126 in
1154 3065 1252 3143 effectu
1269 3060 1459 3145 repromittitur,

264 3168 296 3219 at
310 3161 354 3219 hie
368 3178 473 3237 quoquo
491 3155 535 3235 (in
547 3150 697 3234 baptismo)
713 3161 845 3234 paconium
862 3151 942 3215 terito
957 3157 1132 3233 simplicitate
1145 3159 1206 3214 siae
1225 3171 1341 3233 pompa,
1356 3152 1459 3217 eiaeup·

264 3255 369 3324 pereto
383 3265 453 3304 noro
470 3244 578 3320 aliquo,
602 3243 718 3322 denique
733 3247 794 3301 sian
809 3251 920 3320 sumpto
953 3243 1033 3303 homo
1048 3248 1078 3302 iu
1094 3262 1196 3322 uquam
1212 3242 1351 3302 demissos
1366 3242 1391 3294 cl
1404 3234 1459 3290 lilii

264 3351 356 3411 pauco
370 3332 452 3391 uerbo
468 3334 587 3405 linctus,
613 3349 669 3389 noa
686 3331 772 3389 marito
788 3330 829 3390 nel
852 3330 940 3389 nihilo
954 3331 1083 3391 mundior
1098 3335 1232 3409 rmrrrpit,
1256 3351 1292 3390 oo
1313 3314 1460 3389 ineredilillt

265 3424 423 3480 umtirrmtur
439 3422 600 3478 aalmattuc.
637 3422 779 3492 Mentior,
802 3422 830 3478 si
844 3435 901 3478 non
917 3438 932 3478 e
947 3422 1089 3480 ooatrorio
1102 3419 1240 3480 idolorum
1262 3415 1409 3483 summoto,
1427 3396 1459 3461 ⁰³⁸¹

264 3527 372 3569 ureooo
387 3507 420 3567 do
434 3515 562 3583 supporto
578 3514 604 3565 ct
619 3514 761 3585 apparata
778 3505 862 3586 depae
876 3516 987 3586 sumpto
1009 3506 1092 3583 tidem
1106 3515 1131 3566 et
1148 3510 1343 3566 auctoritatem
1357 3497 1459 3560 sihi-et·

263 3604 384 3657 struunt.
416 3592 572 3655 Hactenus
588 3591 811 3671 Tertullianus,
829 3596 905 3675 quod
923 3592 1009 3655 etiam
1024 3593 1132 3655 fatetur
1149 3592 1266 3669 Straho,
1282 3595 1343 3669 eiuro
1357 3581 1458 3647 nelolrn·

262 3690 365 3746 tionem
384 3685 525 3762 productim
540 3704 590 3762 per
607 3693 758 3763 temporum
773 3692 922 3761 uupmeotu
942 3688 973 3743 ia
996 3683 1088 3758 maim
1102 3687 1254 3743 exercuisse
1277 3682 1329 3761 (de
1345 3674 1403 3736 reh·
1419 3680 1458 3725 ἐῢ·

263 3771 440 3832 clesiasticis
456 3771 537 3847 26.).
572 3769 646 3833 Mox
663 3792 697 3831 co
714 3772 829 3831 laudern
848 3768 976 3833 excreuit
992 3769 1099 3830 rituum
1116 3787 1256 3830 uumerus
1272 3767 1344 3846 (rid.
1361 3751 1457 3822 Ballou·

264 3859 361 3921 minus
379 3860 416 3942 de
434 3857 577 3938 haptisnro
594 3879 658 3939 cap.
676 3856 830 3935 25-27.)
847 3865 997 3920 crescente
1012 3855 1145 3936 inprimis
1161 3854 1242 3935 uulgi
1259 3843 1457 3936 superstitione,

262 3959 296 4010 ut
311 3967 367 4011 sua
383 3965 451 4007 sese
468 3945 653 4008 multitudiue
670 3948 889 4023 subverterent3
913 3944 964 4005 alii
987 3964 1072 4021 uero,
1097 3951 1127 4004 ut
1143 3942 1274 4005 moribus
1291 3932 1457 4007 Christiano·

262 4057 326 4098 rum
344 4031 561 4111 convenientes,
579 4041 693 4096 suamet
709 4053 742 4097 se
757 4032 866 4114 pietate
883 4041 912 4094 ct
927 4032 1053 4113 puritate
1071 4034 1315 4095 commendarent.
1343 4025 1387 4090 Ex
1402 4011 1457 4099 vlt·

262 4123 346 4187 rimis
362 4121 474 4201 placuit
499 4142 589 4183 unum
610 4142 733 4203 eumque
747 4119 928 4182 laudandum
945 4121 1114 4201 depromere
1132 4129 1160 4184 et
1177 4120 1304 4183 examini
1320 4108 1457 4194 subjiceris

262 4235 297 4277 nc
314 4214 427 4276 tradere
442 4207 592 4271 historiam
610 4219 698 4291 atque
715 4207 848 4288 origines
864 4219 1078 4291 susceptorum.
1108 4242 1145 4257 -
1173 4209 1201 4295 §.
1217 4207 1248 4272 2.
1266 4202 1455 4283 susceptorum

263 4299 503 4365 cousuetudinem
517 4290 676 4380 ἆναδοχών
691 4295 809 4359 nomine
823 4300 899 4380 apud
910 4296 1040 4361 Graecos
1051 4297 1082 4360 in
1094 4298 1149 4360 hoe
1162 4305 1333 4378 argumento
1344 4295 1456 4355 commu·

185 4607 187 4609 v
280 4561 282 4564 .
330 4522 361 4593 a)
382 4522 459 4595 ram.
479 4520 567 4579 vina.
588 4519 665 4576 roae.
685 4523 712 4575 r.
