3067 5075
240 209 246 219 ·
303 268 304 273 ’
334 256 373 321 de
386 256 495 322 ceteris
511 253 587 322 scri.
606 254 685 321 cirea
701 253 888 340 poenitentes
902 253 1014 339 rigore.
1217 251 1283 321 Μ

65 424 220 518 petissere
235 431 369 510 rodebat,
385 453 453 496 cnm
468 435 505 497 sd
525 441 634 516 pubem
654 432 821 497 discessu·
836 441 969 515 pararet,
989 429 1145 509 cbristus,
1165 431 1281 512 iudaei,

66 521 177 606 eddam
198 541 312 598 esrsn,
329 520 389 592 uisi
407 541 508 584 omnes
525 520 654 585 Hebraei
670 543 708 584 ex
723 522 879 599 Hebraeis,
902 520 1034 594 moribus
1051 519 1139 582 avitis
1157 520 1281 601 patriis*
1335 521 1339 528 ’

67 630 119 691 qne
138 610 262 674 ritibus·
275 610 388 673 assueti
403 618 433 672 et
450 609 593 681 innutriti.
636 609 774 683 Accedit,
791 611 882 691 qnod,
909 608 959 689 qui
976 609 1202 690 imperatorum.
1222 608 1281 672 irs·

67 697 162 780 primis
181 697 302 761 Tiberii
321 698 464 762 Caesaris
481 696 624 775 Romani,
648 697 735 779 enjus
752 716 789 760 es
803 699 841 759 de
857 718 889 760 re
906 698 1033 759 edictum
1058 696 1144 759 nobis
1161 695 1280 778 reliquit

67 785 109 848 lii.
124 785 275 866 Jusepirue
291 785 403 867 (Antio.
421 783 472 864 19,
489 786 553 865 5.),
580 784 735 848 autoritate
761 785 892 849 indultus
914 784 1011 847 iuerat
1025 783 1149 848 iudaeis
1166 788 1279 850 muru·

66 892 177 934 suorum
201 892 300 951 usus,
323 893 399 955 quac
423 873 460 936 iis
478 873 611 937 restituta
635 873 728 955 patria
741 873 821 955 jura,
840 894 875 936 ea
893 892 1009 953 qnoque
1025 875 1062 934 ad
1080 871 1278 953 Christianos,

67 960 143 1022 edam
160 962 199 1022 ad
219 980 290 1039 eos,
320 962 370 1043 qui
388 961 581 1042 exgentibus
598 963 634 1024 sd
654 961 834 1025 christianas
858 960 1186 1040 religionis'veritatem
1203 981 1279 1024 con·

67 1048 134 1110 rersi
151 1048 290 1126 fueraut,
310 1048 364 1110 iiia
377 1058 474 1112 aetate
491 1048 705 1132 spectaverint,
725 1048 756 1110 in
775 1071 832 1130 quo
849 1059 1021 1128 argumento
1040 1048 1099 1111 iate
1115 1067 1186 1129 prae
1203 1050 1278 1113 reii-

67 1136 125 1216 qsis
142 1145 283 1199 uersatus
309 1150 355 1201 est
371 1136 519 1202 Seldenus
536 1140 570 1200 de
585 1140 729 1214 noemma
746 1137 776 1213 l,
794 1139 824 1200 8.
870 1138 971 1215 Quare
996 1157 1064 1198 cum
1089 1137 1166 1200 iuter
1180 1139 1278 1219 patris

64 1223 123 1304 jnra
138 1244 196 1286 nun
215 1222 350 1286 ultimum
368 1237 450 1288 esset
465 1225 538 1288 iiiud
554 1228 591 1288 ric
606 1224 924 1301 excommunicatione,
943 1246 1020 1305 quae
1035 1228 1072 1287 ad
1091 1227 1228 1288 tuendam
1245 1227 1278 1289 in

68 1321 144 1389 pente
164 1311 290 1393 judaica
312 1311 498 1394 disciplinam
522 1334 609 1376 usum
626 1314 796 1394 praestabat
816 1312 979 1390 insignem,
1006 1311 1089 1374 nuile
1113 1315 1201 1376 etiam
1218 1334 1277 1396 ap·

66 1418 158 1477 parere
172 1401 294 1463 videtur
310 1402 394 1479 ratio,
408 1422 500 1482 qnare
516 1421 672 1482 negentne,
685 1402 762 1482 qued
775 1399 899 1480 apostoli
917 1399 1065 1480 ceterique
1080 1398 1276 1466 eeclesiarum

68 1487 223 1568 praepositi,
241 1487 304 1570 qni,
331 1488 465 1570 quemvis
485 1489 654 1566 Christiani,
681 1488 812 1551 moribus
830 1498 926 1551 tamen
941 1487 1044 1568 patriis
1060 1487 1163 1550 imbuti
1181 1500 1275 1568 erant,

67 1574 276 1639 increscendo
299 1579 400 1638 eodem
420 1578 487 1658 jure
511 1579 548 1639 ad
574 1577 658 1640 ritum
681 1574 858 1639 iudaeorum
877 1574 1068 1640 accesserint.
1102 1610 1142 1624 -
1175 1574 1203 1658 ὁ.
1223 1578 1295 1657 14.Ι

66 1659 168 1741 Magna
190 1663 325 1727 veritatis
349 1665 450 1745 specie
473 1665 549 1728 baeu
572 1685 639 1728 sese
663 1666 875 1727 commendant.
917 1664 1032 1726 interea
1048 1684 1116 1751 eum
1134 1662 1274 1729 caristus

68 1747 121 1828 ipse
135 1750 302 1833 discipulos
317 1772 390 1814 scos
404 1752 506 1835 jussit,
524 1763 554 1816 ut
569 1752 702 1816 homiues
717 1753 878 1834 improbos,
891 1751 1096 1832 immorigeros
1113 1772 1274 1836 omnesque

68 1837 199 1901 eceieniac
223 1839 403 1902 monitiones
428 1851 602 1923 spernentes
619 1862 637 1903 a
654 1860 711 1904 sna
728 1840 931 1902 commuuione
955 1851 1122 1905 removeant
1141 1851 1169 1903 et
1184 1841 1274 1903 fami-

69 1921 123 1985 liari
139 1946 202 1989 enm
220 1928 262 1990 iis
283 1929 458 1991 commercio
481 1929 663 2016 abstineant,
691 1936 844 2009 praeterea
864 1949 930 1990 cum
950 1947 998 1989 res
1016 1928 1081 2007 ipsa
1099 1929 1228 2009 postulet
1243 1937 1274 1992 et

68 2014 223 2090 prudentiae
240 2016 328 2096 deges
342 2019 528 2094 condonata
546 2016 687 2081 societate
703 2018 830 2097 quadam
847 2013 975 2091 excludi,
986 2015 1035 2095 qui
1051 2014 1136 2076 iilius
1152 2015 1272 2095 iegibus

71 2117 128 2162 sese
140 2103 291 2185 subjicere
307 2102 411 2166 uolunt
427 2104 565 2187 omnique
580 2105 658 2168 vitae
673 2124 746 2167 suae
762 2123 873 2182 genere
889 2124 925 2165 ac
940 2103 1073 2164 instituto
1090 2102 1135 2163 illi
1153 2114 1270 2169 neceni

69 2187 134 2266 qnid,
150 2211 278 2272 quaeso,
289 2212 416 2255 necesse
435 2203 488 2266 est,
507 2191 821 2256 excommunicationis
838 2192 915 2271 apud
925 2188 1110 2252 Christianos
1126 2186 1273 2271 originem

71 2275 209 2341 aduriaeis
223 2281 380 2361 repeterei
414 2280 546 2343 Seorsim
563 2291 659 2344 autem
676 2282 753 2360 qnod
773 2279 874 2341 attinet
895 2279 1067 2353 anathema,
1090 2280 1120 2340 iu
1141 2299 1199 2361 quo
1217 2300 1273 2343 ex·

70 2367 326 2430 mnmuaiemienis
342 2369 584 2450 apudHebrases
602 2368 726 2432 usitatae
739 2367 865 2449 vestigia
881 2386 1025 2449 expressa
1040 2367 1142 2429 baberi
1160 2367 1272 2448 dicunt,

69 2448 234 2533 iampridem
249 2454 304 2518 aiii
323 2467 507 2535 mernerunt,
530 2458 686 2521 auaffiema
707 2459 745 2519 ab
762 2455 1063 2518 excommunicatione
1079 2455 1183 2519 sedulo
1202 2475 1271 2520 esse

71 2535 306 2622 distinguendum,
331 2565 396 2608 eum
421 2547 510 2623 bare,
534 2556 567 2610 ut
589 2543 898 2628 ejusammioiualis
921 2545 974 2623 sit,
998 2542 1072 2606 iilud
1095 2544 1216 2607 mortale
1243 2554 1272 2608 et

70 2625 199 2692 sarusar
216 2633 329 2696 rectius
344 2654 379 2696 ee
397 2634 678 2716 imprecatiu,quam
690 2653 828 2712 cessura,
846 2640 975 2696 vocetur.
990 2667 1035 2680 —
1050 2632 1077 2715 ξ.
1089 2634 1140 2696 15.
1157 2634 1269 2696 Eodem

71 2712 140 2777 disin
164 2724 247 2783 medo
276 2725 394 2801 quaudo
419 2722 531 2783 Penius
554 2724 577 2786 1.
595 2722 663 2784 Cor.
684 2718 716 2794 5,
734 2724 763 2783 b.
791 2720 954 2796 bominum,
986 2721 1035 2805 qui
1060 2721 1176 2782 incestu
1199 2740 1269 2784 sese

70 2800 346 2882 paberresatamo
362 2809 479 2871 tradidit
494 2813 530 2872 ad
547 2809 668 2873 exitium
685 2809 827 2890 corporis,
840 2818 870 2870 ut
885 2808 983 2870 anima
1000 2818 1175 2885 uersaretur,
1192 2827 1269 2870 usus

71 2900 253 2971 estpotestate
271 2896 329 2958 sibi
345 2897 511 2979 ceterisque
535 2897 678 2979 apostolis
694 2908 778 2959 extra
797 2896 927 2957 ordinem
945 2916 962 2957 a
979 2894 1097 2958 Christo
1115 2916 1268 2974 concessa,

71 2994 132 3054 tus
147 2985 417 3047 excommunicandi
435 2994 531 3048 sotum
550 3006 611 3047 nen
626 2982 762 3046 iurindit.
788 2983 885 3056 Hanc,
904 2984 1269 3067 (excommunicationem)

40 3137 46 3144 ,
71 3062 188 3148 rati-quir
211 3072 377 3149 croissiam
405 3073 486 3136 iliam
505 3082 602 3136 autem
627 3071 843 3153 (traditionem)
862 3070 921 3131 sibi
947 3070 1002 3131 soii
1021 3071 1163 3133 attribuit.
1215 3073 1269 3136 Fr.

69 3151 164 3228 mirem
188 3159 391 3242 spanhemius
418 3166 493 3238 (Sec.
514 3169 539 3224 1.
557 3168 632 3224 ase.
656 3164 820 3224 Emimiust.
846 3163 968 3240 Operam
988 3167 1068 3221 Tora.
1087 3166 1113 3221 1.
1130 3182 1159 3240 p.
1177 3159 1267 3241 556.)
1365 3233 1368 3238 p

71 3240 141 3305 tile
156 3245 305 3312 Salienus
327 3249 376 3331 (de
393 3255 471 3330 sirpo
487 3251 640 3331 sposteiicu
656 3271 685 3329 p.
699 3246 790 3326 465.)
814 3248 893 3310 bunc
916 3246 1000 3310 etiam
1020 3268 1129 3309 morem
1145 3247 1268 3311 iudaeis

71 3341 136 3390 tuan
152 3334 295 3414 odginem
312 3339 420 3399 debere
439 3339 632 3415 contendunt,
659 3356 790 3418 quorum.
801 3344 898 3398 tamea
915 3335 1088 3398 seutentiam
1105 3356 1189 3400 suam
1207 3356 1267 3397 uon

71 3408 162 3483 iaciunt
174 3423 234 3488 aiii.
275 3426 369 3489 Recte
386 3422 468 3487 Lau:
484 3425 625 3506 Capeiius
642 3428 679 3487 nd
694 3430 800 3488 deora.
812 3421 843 3501 9,
860 3426 912 3484 22.
936 3427 972 3485 de
989 3427 1098 3486 Maidoi
1110 3436 1137 3486 et
1155 3429 1267 3488 mem

72 3505 142 3568 stris
156 3508 286 3579 iarieusa
318 3517 462 3588 nendum,
478 3513 587 3595 iuquit,
609 3519 739 3578 somam
756 3515 835 3590 iospe
851 3515 930 3574 siicd
945 3514 1002 3588 fcit
1019 3522 1045 3573 et
1062 3514 1195 3574 eruribus
1209 3519 1267 3574 dn-

71 3585 250 3665 iflitssrsiao
267 3610 378 3680 ipsum
400 3600 471 3663 diuet
486 3613 583 3664 autem
600 3600 631 3663 iu
649 3620 683 3662 cc
701 3598 859 3678 erraverit,
888 3602 965 3680 quud
984 3598 1210 3675 existimaverit,
1234 3599 1267 3661 in

72 3687 348 3754 conmmeatum
361 3691 483 3773 judaica
493 3689 604 3752 nuliam
620 3708 761 3752 occurere
772 3687 937 3762 formulare,
955 3706 1030 3768 quae
1042 3707 1106 3747 curn
1125 3685 1189 3765 ilia,
1205 3707 1267 3767 que

71 3778 134 3828 Μ
146 3781 188 3834 est
202 3777 354 3857 apustuies
371 3780 583 3860 eodemmodo
600 3775 764 3839 conveniat.
803 3775 864 3836 imo
882 3774 953 3836 iicet
971 3772 1057 3836 etiam
1072 3775 1146 3838 haee
1160 3762 1266 3857 erupui-

95 3935 102 3951 ,
121 3876 153 3956 ,9,
174 3868 288 3943 quando
305 3887 438 3947 peream
462 3865 695 3929 meledictionem
716 3873 744 3927 et
762 3863 908 3926 vindictae
926 3862 1042 3926 divinae
1058 3857 1112 3943 per
1134 3862 1266 3928 Satanae

73 3950 241 4028 mimmius
277 3954 514 4036 imprecationem
547 3952 716 4033 intelligent
748 3951 1034 4033 cunrseparatious
1068 3953 1265 4034 conjunctum,

75 4038 188 4106 ”ditm
206 4060 271 4104 curn
285 4040 348 4121 illa,
364 4064 451 4125 quarn
471 4046 581 4122 dbrrsm
599 4051 704 4108 vocant
721 4040 862 4120 Hebraei,
878 4039 1047 4106 affinitatem
1065 4040 1211 4117 babuerit,
1226 4060 1265 4103 ex

74 4115 249 4218 ituiicunqus
270 4140 365 4194 tamea
388 4132 445 4194 ista
469 4129 673 4194 convenientia
700 4131 827 4191 nondum
850 4129 1040 4210 probabitur,
1067 4127 1192 4196 Paulum
1215 4126 1264 4190 bic

75 4210 154 4298 iiiut
172 4221 329 4281 seeundum
349 4220 447 4284 ritum>
458 4219 609 4302 judaicum
625 4238 734 4299 agere,
757 4219 1004 4299 quam'potestate
1028 4227 1109 4279 extre
1132 4216 1264 4279 ordinem

74 4287 267 4392 ‘liti'cesrcssa
283 4308 326 4370 nti
345 4307 495 4381 voluisse3
511 4306 653 4382 maxime,
670 4305 698 4368 si
716 4306 897 4386 cogitemus,
922 4308 998 4388 quod
1015 4305 1046 4366 iu
1065 4303 1181 4365 nominc
1198 4303 1264 4365 Do·

75 4387 131 4437 ¹¹⁸¹
144 4391 320 4458 narrarem
338 4395 449 4460 Giristi
464 4396 550 4477 juxta
574 4395 798 4475 omnipotentem
824 4395 891 4477 ejus
914 4397 1047 4456 virtutem
1065 4392 1122 4453 boc
1140 4392 1264 4455 extremi

75 4454 313 4547 hermi’iniuriae
329 4484 360 4548 in
376 4484 576 4574 incestuosum
592 4482 837 4550 minervarum.
855 4514 892 4530 «-
913 4480 940 4566 §.
962 4482 1013 4570 ib.
1029 4479 1177 4585 Quicquid
1192 4500 1263 4544 vere
1308 4517 1312 4524 ,
