3067 5075
355 265 393 328 ds
408 263 517 328 reterb
534 247 609 331 etei}
626 248 906 348 aroa'poeilie'o't'es
925 263 1035 346 rigore.
1136 264 1143 273 ’
1236 255 1302 332 Μ

52 428 54 475 Ῑ
96 452 162 520 quae
176 437 207 499 r'n
222 438 302 501 bene
319 439 492 515 sententium
510 438 618 522 (tonet
632 439 675 505 lb
688 447 719 503 ta
736 440 868 519 Noun.)
886 439 1006 521 scripsit
1023 439 1179 520 origenes,
1198 437 1302 507 meriti

65 554 68 563 ·
96 529 268 604 adducenda,
293 527 351 589 uisi
374 526 535 607 prolixiora
560 537 670 599 esseut.
714 528 810 606 Quam
829 526 1037 607 imprudenter,
1063 546 1149 610 quam
1166 524 1302 593 incensi-¹

51 622 52 645 ³
96 615 184 675 durate
207 617 348 676 doctores
378 614 423 679 iili
450 612 611 696 loquuntur
636 619 673 677 de
701 614 843 694 dignitate
869 616 1015 697 martyrii3
1048 636 1134 696 quam
1156 616 1301 698 iniquum,

94 719 170 781 quam
194 701 440 764 contumeliosum
463 700 572 763 nomini
592 702 719 778 Christi,
741 701 766 763 si
792 710 947 783 martyrum
967 701 1157 782 passionibus
1176 704 1301 789 alierum

48 858 49 863 γ
94 796 202 867 peecata
226 788 353 869 pnrgari
378 789 529 866 dicantur,
562 791 589 851 si
608 788 726 852 Cbristu
750 788 836 851 etiam
859 789 890 850 iu
913 789 1099 853 sanctissimo
1122 792 1300 871 expiationis

48 894 51 901 ¹
93 871 178 936 elicio
201 885 346 957 martyres
368 876 568 943 conserantur.
614 877 653 938 lit
671 888 767 941 umen
789 876 867 938 banc
891 877 1080 954 sententiam,
1106 880 1301 961 undecunque

92 964 195 1023 taudem
221 962 306 1024 ilium
332 964 515 1043 acceperint,
543 964 637 1025 tuisse
663 964 822 1046 primorum
848 961 1099 1042 Christianorum,
1128 965 1193 1026 aeri
1216 966 1301 1028 illiue

54 1064 57 1074 ·
91 1059 278 1126 monumenta,
295 1049 437 1129 imprimis
450 1050 569 1114 Patruus
583 1051 789 1131 grauissimae,
806 1050 913 1133 quibus
926 1054 962 1113 ad
974 1051 1140 1132 martyrium
1153 1052 1301 1115 Obri'stia·

90 1154 183 1196 numm
208 1139 379 1221 accendunt
399 1136 530 1215 animos,
557 1146 701 1200 testantur
725 1157 914 1219 paraeneses.
931 1172 972 1185 -
999 1137 1027 1220 q.
1044 1139 1075 1200 b.
1102 1139 1195 1201 lirant
1214 1139 1299 1219 baee,

89 1238 157 1301 quae
179 1219 339 1286 maximam
359 1225 474 1306 quidem
495 1225 713 1305 exomologesis
733 1235 761 1287 et
780 1243 893 1306 poenae
912 1227 1073 1286 canonicae
1091 1236 1202 1306 partera
1219 1227 1301 1289 relass

84 1314 169 1387 rare,
196 1312 250 1373 sed
276 1331 354 1392 quae
376 1310 465 1373 iaeile
492 1311 578 1373 etiam
601 1313 630 1372 in
655 1316 767 1374 abusus
790 1311 984 1392 gravissimos
1008 1314 1191 1391 degenerare
1212 1324 1300 1395 pote:

88 1406 161 1472 rant,
185 1416 242 1458 nee
268 1406 403 1479 poteraut
427 1400 521 1475 medo,
547 1418 645 1460 rerum
668 1420 700 1461 re
725 1398 793 1478 ipsa
817 1400 931 1460 taudem
952 1401 1181 1478 degenerabant.
1224 1401 1301 1462 Cum

89 1482 155 1544 enim
178 1487 216 1545 ad
242 1494 401 1566 martyrum
426 1495 455 1547 et
472 1486 673 1548 confessorum
697 1485 815 1547 libellos
833 1486 895 1567 jam
916 1474 989 1546 a'rleo
1007 1476 1108 1547 facilis
1130 1496 1245 1567 pateret
1262 1488 1299 1548 ad

87 1569 235 1633 ecelesiam
262 1573 386 1647 reditus,
410 1582 595 1653 peecatorum
617 1574 702 1636 etiam
719 1570 961 1655 sceleratissimai
978 1580 1119 1651 martyres
1134 1575 1300 1654 importune

87 1658 231 1738 adeuntes,
247 1659 317 1721 siue
330 1659 451 1740 praesia
463 1660 615 1722 criminum
627 1657 829 1739 exomologesi
843 1658 933 1721 nuliis
944 1658 1089 1740 persancti
1103 1660 1300 1740 poeniteutiae

87 1741 241 1821 laboribus,
264 1767 367 1809 eorum
385 1745 529 1827 suffragia
545 1747 727 1828 impudenter
744 1748 965 1828 extorquebant,
983 1746 1091 1829 quibus
1108 1747 1215 1809 deinde
1230 1746 1301 1810 ireti

86 1848 178 1908 parem
204 1833 265 1896 sibi
291 1843 398 1896 temere
421 1835 618 1913 arrogabant,
648 1834 765 1896 'veniam
793 1835 831 1895 ab
857 1834 985 1896 ecclesia
1007 1833 1208 1914 postulabant,
1241 1855 1300 1896 nou

87 1919 230 1996 petebant,
254 1941 293 1982 ae
310 1919 335 1983 si
356 1921 417 2001 iam
441 1923 509 1983 tiata
533 1931 612 1982 esset
635 1928 812 2002 amartyre,
829 1918 903 1983 iuon
925 1921 1021 1981 danda
1045 1923 1159 1982 deuiam
1177 1923 1214 1981 ab
1233 1921 1299 2001 epi·

86 2020 188 2085 scapo,
220 2024 260 2070 ae
282 2008 307 2067 si
335 2007 396 2088 iam
418 2017 494 2079 ¹rata
524 2008 554 2068 in
582 2007 693 2082 coelis,
728 2024 786 2068 neu
821 2007 1002 2086 expectanda
1032 2027 1058 2089 a⁴
1081 2005 1300 2070 confirmatione

86 2092 236 2158 aeterno.
284 2093 454 2175 importuna
485 2095 559 2156 baec
586 2104 614 2156 et
637 2093 779 2156 seditiosa
803 2093 952 2154 rutilorum
979 2113 994 2154 e
1017 2092 1107 2172 plebe
1129 2090 1299 2173 postulatio,

86 2192 154 2257 quac
172 2200 290 2243 omnem
313 2181 458 2243 eeclesiae
476 2180 662 2261 disciplinam
687 2179 889 2256 conculcabat,
909 2179 1153 2259 gravissimarum
1171 2180 1200 2241 in
1216 2179 1300 2240 Airi-
1371 2242 1376 2249 ,

88 2282 153 2327 eane
178 2264 309 2332 ecelesia
331 2269 482 2330 turbarum
508 2267 786 2347 contentionumque
806 2265 946 2348 Cypriani
970 2276 1065 2328 aetate
1085 2267 1168 2346 origo
1195 2266 1299 2349 extitit,

85 2351 190 2416 Manto
211 2376 282 2418 eum
306 2356 370 2418 suis
396 2356 513 2418 incaute
536 2355 707 2436 recipiente,
734 2362 876 2435 quotquot
900 2353 1051 2434 lapsorum
1071 2353 1116 2414 lais
1141 2363 1300 2435 martyrum

86 2437 187 2505 libellis
203 2444 309 2505 muniti
327 2443 542 2506 communionis
561 2443 720 2524 participes
737 2441 819 2502 reddi
834 2440 980 2503 rombant.
1026 2441 1201 2518 Accedebat,
1219 2443 1299 2521 quod

86 2535 219 2609 martyres
244 2531 310 2612 ipsi
328 2531 442 2611 gloriae
468 2550 558 2612 saepe
582 2531 680 2593 studio
705 2528 820 2610 abrepti
845 2548 878 2591 se
899 2528 997 2608 lapsis
1021 2529 1196 2610 praeberent
1217 2528 1298 2610 juste

84 2612 239 2682 faciliores.
271 2619 365 2681 Plane
382 2618 516 2698 generali
535 2618 591 2679 bac
607 2619 719 2679 iormar
742 2623 919 2679 communiret
936 2620 983 2677 ille
997 2637 1058 2677 com
1076 2623 1145 2689 sete,
1165 2635 1299 2696 qnorum·

85 2702 144 2763 dam
163 2714 323 2788 martyrum
345 2706 462 2767 libellos
479 2714 636 2786 conceptus
654 2704 817 2786 prodiisse,
830 2722 867 2764 ex
885 2723 931 2783 ep.
948 2713 1070 2783 apparet
1088 2704 1137 2763 lb.
1181 2703 1297 2763 lucerio

85 2788 154 2852 enim
177 2791 232 2854 illo
257 2814 371 2855 suornm
393 2794 519 2868 nomiae,
548 2793 614 2872 quis
637 2811 747 2873 quaeso
771 2789 916 2851 ccclesiae
941 2790 1057 2851 obtrudi
1080 2808 1141 2848 uon
1162 2790 1298 2868 peierati

84 2872 216 2942 Poterant
234 2881 363 2960 cognati,
381 2891 457 2942 tutae
473 2878 602 2941 familiae
618 2886 759 2958 poterant,
778 2873 864 2939 amici
882 2897 1006 2958 quoqne,
1024 2877 1197 2955 quibuscum
1214 2857 1299 2938 uuila

42 3015 47 3028 .
84 2960 279 3030 intercedebat
295 2978 498 3048 praeterquam
519 2964 741 3027 benevolentiae
761 2961 960 3039 necessitudo,
981 2961 1033 3023 alii
1051 2966 1125 3023 bene
1142 2961 1225 3023 multi
1242 2963 1298 3025 boe
1375 2968 1378 2974 '

85 3054 193 3116 nomine
207 3064 356 3135 ‘poterant
386 3055 434 3117 De
450 3054 506 3115 bac
520 3051 640 3114 illorum
655 3049 798 3113 iaoiiitate
814 3049 899 3111 valde
916 3060 1094 3130 conquestus
1113 3058 1158 3109 est
1171 3048 1298 3130 Cypria·

85 3153 145 3213 uus,
170 3143 221 3223 qni
242 3161 307 3203 reru
327 3151 414 3204 totam
439 3160 497 3203 non
514 3140 579 3203 siue
597 3139 707 3218 insigni
726 3137 837 3199 doloris
857 3157 947 3199 sensu
964 3135 1061 3198 retulit
1078 3132 1130 3212 20,
1148 3135 1193 3196 27
1209 3146 1237 3196 et
1255 3128 1297 3197 36

84 3227 117 3285 ad
133 3225 246 3291 elerum
257 3230 342 3292 Rom.
360 3228 505 3310 epistolis.
523 3261 562 3274 -
582 3228 609 3311 ξ.
623 3228 652 3290 bss
674 3226 825 3305 lugentem
840 3234 868 3287 et
884 3223 933 3287 rix
949 3222 1142 3304 reparabilem
1152 3224 1297 3303 jacturam

83 3310 140 3372 loe
159 3309 247 3377 ruod'o
272 3316 397 3378 iaciebat
417 3316 574 3395 disciplina
598 3314 812 3377 ecclesiastica.
857 3311 923 3374 Non
948 3312 1025 3373 omni
1051 3329 1120 3371 reru
1146 3309 1297 3394 culparet

83 3396 136 3477 itti
162 3406 310 3466 sanabant
337 3414 495 3484 martyres,
527 3423 563 3463 ex
590 3424 647 3484 quo
676 3402 740 3462 sine
756 3399 882 3462 xdelectu
902 3409 930 3462 et
949 3398 1119 3460 discrimine
1145 3397 1297 3480 lapsorum

80 3487 269 3563 petitionibus
288 3490 480 3551 indulserant.
512 3491 655 3569 ansque
671 3489 788 3570 quidam
806 3487 923 3548 illorum
941 3486 1025 3547 inere
1043 3486 1203 3565 progressi,
1222 3499 1298 3564 quae
1346 3561 1350 3566 ἢ

83 3589 178 3638 eurum
195 3576 334 3641 vecordia
351 3587 421 3652 erat,
439 3586 471 3638 ut
486 3567 531 3637 rel
548 3577 625 3650 aliis,
642 3596 696 3635 suo
714 3585 779 3655 post
795 3574 945 3653 depositas
962 3572 1093 3651 corporis
1110 3572 1157 3631 sni
1174 3571 1297 3633 exuvias

83 3665 213 3740 numine,
245 3666 346 3745 lapsus
370 3684 443 3745 pace
471 3663 598 3725 donandi
623 3662 736 3739 copiam
761 3681 801 3722 se
821 3660 920 3722 iacere
947 3678 1036 3740 posse
1056 3657 1298 3722 existimaverint.

86 3750 149 3811 Germ
172 3755 328 3814 leodimus
354 3761 459 3827 arertpr
477 3755 585 3812 Persius
608 3743 745 3811 udb'ttcin
763 3769 877 3827 corpore
894 3758 971 3820 essa,
995 3752 1102 3808 cccuuit
1121 3766 1163 3805 me
1179 3754 1204 3804 oi
1225 3746 1298 3806 tlieit

84 3839 164 3900 mili:
189 3846 322 3915 bermone,
347 3860 441 3900 cernar
459 3842 567 3901 Gloriae
583 3840 632 3899 tibi
650 3839 719 3911 dico,
746 3845 776 3895 ut
790 3842 816 3896 st
832 3841 894 3914 quis
909 3845 971 3915 post
986 3839 1192 3895 arcessitionem
1208 3852 1297 3892 menan

85 3924 131 3984 ula
152 3938 178 3987 te
202 3949 297 4006 punem
319 3932 436 4007 petierit,
459 3929 559 3987 aaran
582 3932 692 3986 nomine
711 3944 778 3996 meo,
804 3920 906 3982 scribit
926 3923 961 3983 ad
981 3924 1134 3983 caterinen
1152 3926 1298 4006 Lucienus

84 4007 143 4089 lep.
153 4015 414 4094 intertippriontoos
426 4015 503 4088 22),
521 4033 619 4074 errore
636 4032 707 4073 sane
721 4009 900 4089 turpissimo,
918 4030 1002 4091 quem
1016 4007 1182 4089 Cyprianus
1194 4025 1316 4088 serere„

85 4101 262 4176 exprobrat.
308 4101 465 4163 Praeterea
484 4112 638 4181 martyrum
657 4109 685 4161 et
702 4098 905 4161 confessorum
922 4096 1108 4157 ambitionem
1125 4095 1215 4172 supra
1233 4101 1296 4152 ard-

77 4179 149 4247 'ium
168 4189 410 4249 intumescentem
427 4190 546 4267 saepius
566 4186 617 4247 iile
636 4187 821 4267 reprehendit
839 4185 867 4246 ln
885 4184 1026 4265 epistolis,
1052 4194 1080 4244 et
1096 4183 1124 4241 in
1142 4180 1195 4240 illa
1212 4199 1297 4240 seur-

85 4269 136 4332 tim
160 4278 203 4337 ari-
219 4287 354 4351 raortyrus
378 4278 446 4350 data
471 4295 523 4335 eos
543 4278 674 4336 bortatus
699 4285 759 4346 est,
782 4282 814 4336 ut
838 4275 874 4334 ad
898 4284 1053 4354 martyrum
1074 4265 1296 4329 anteressor'nm
1393 4345 1398 4359 ι

86 4363 244 4443 exemplum
267 4355 417 4442 lapsorum
442 4362 588 4423 desideria
614 4381 671 4423 sna
692 4361 849 4422 autoritate
867 4361 1048 4437 consilioque
1067 4357 1295 4426 moderarentur.

87 4474 122 4490 ··
140 4447 167 4532 ᾗ.
181 4454 213 4514 7.
241 4451 399 4530 Querens
423 4448 590 4534 disciplina,
610 4469 686 4532 quae
707 4450 839 4514 sanetur
861 4451 939 4528 apud
960 4443 1145 4509 christianos
1164 4444 1296 4508 obtinere
