3067 5075
352 232 391 296 de
407 231 605 300 veteriseccl.
618 234 704 307 ,circa
721 234 906 318 poenitentes
921 237 1031 320 rigore.
1189 230 1300 321 sm
1374 317 1381 322 ,

70 405 203 484 fulmina,
229 388 326 488 qnam
355 408 485 472 salutare
509 430 547 473 ιιι
569 380 740 474 adversust
761 410 1068 516 proficuumcrinpine
1084 412 1299 494 laborantibus,

72 496 192 644 ιιιιιιιιΗ
176 504 208 556 ιιι
231 495 428 577 reipublicae
455 496 589 571 civibus,
615 519 681 560 curn
706 499 836 562 ecclesia
859 501 1036 564 rediissem
1060 502 1185 582 gratiam
1208 499 1298 566 lacile

72 584 125 644 inte
149 581 270 659 igitur.

151 668 190 730 ll
207 672 242 734 7
271 665 608 752 Deiudnlgcntia
633 673 940 754 poenitentibus
964 673 1081 737 lacta.
1105 674 1134 757 ᾗ.
1152 677 1182 739 ι.
1206 675 1298 739 Cete-

70 778 128 821 ιιιιιι
146 758 183 818 ad
204 777 425 839 quamcunque
453 762 540 823 etiam
559 761 744 824 severitatem
763 761 828 825 aeri
852 761 934 822 illius
953 761 1110 843 disciplina
1128 764 1298 842 accesserit,
1387 806 1395 816 ,

69 865 122 905 non
154 845 233 905 adeo
265 857 371 908 tamen
405 856 524 910 tenaces
549 868 666 929 semper
689 848 773 911 luere
800 850 982 913 decretorum
1009 868 1129 910 sucrum
1152 848 1298 913 ecciesiae

69 934 208 1007 doctores,
233 930 314 1013 quio
341 933 464 997 crimina
482 935 601 1015 publice
618 935 786 998 dolentibus
802 955 892 1018 saepe
910 935 941 996 in
958 935 1154 1016 poenitentiae
1168 939 1299 1040 decurqu

67 979 288 1096 indulgentiam
309 1019 438 1083 fecerint
453 1033 482 1084 et
498 1024 534 1084 de
552 1033 693 1084 consueto
710 1023 808 1102 rigore
825 1022 1000 1101 remiserint,
1020 1023 1082 1086 sive
1100 1026 1177 1126 qnqtl
1194 1024 1299 1105 poeni-

70 1106 187 1166 tentiam
225 1105 364 1188 plurium
395 1128 538 1172 annorum
570 1109 759 1191 paucioribus
794 1110 1093 1192 circumscripseriot,
1127 1112 1190 1173 sive
1218 1113 1298 1192 quod

70 1213 228 1273 poenarum
246 1198 374 1274 gradus
387 1194 545 1258 minuerint
560 1207 648 1278 atque
664 1199 738 1259 adeo
754 1198 947 1276 poenitentes,
963 1219 1021 1261 unc
1036 1196 1166 1261 alterove
1181 1198 1317 1261 illorum·

69 1280 176 1358 relicto,
200 1301 241 1342 ex
269 1280 407 1344 inferiori
426 1283 522 1346 statim
540 1287 575 1346 ad
592 1303 736 1345 summurn
753 1285 846 1346 erecti
862 1284 982 1346 luerint.
1019 1285 1154 1347 Fuerunt
1166 1286 1298 1365 amnica,

69 1387 139 1448 quae
159 1388 296 1448 poenam
325 1368 472 1432 interdurn
498 1370 629 1451 mitigari
649 1372 801 1453 jubebant.
846 1370 914 1433 Huc
933 1370 1090 1434 reserenda
1113 1374 1298 1453 poenitentis,

70 1455 115 1534 qui
130 1455 253 1533 lapsum
271 1454 410 1536 lugebat,
429 1458 569 1537 dignitas.
584 1458 800 1521 vTheodosium
818 1458 862 1519 M.
878 1458 1081 1538 imperatorem
1098 1468 1164 1539 post
1178 1462 1299 1521 caedem

68 1539 388 1620 Thessalonicensem,
408 1547 529 1626 quando·
542 1545 675 1608 immisso
694 1565 712 1608 a
728 1544 898 1609 Theodosio
916 1544 1007 1606 milite
1024 1548 1061 1607 ad
1078 1558 1188 1627 septem
1207 1546 1299 1609 millia

69 1627 400 1708 Thessalonicensiurn,
421 1652 512 1694 sexus
535 1632 639 1708 omnis,
659 1632 754 1694 omnis
774 1632 888 1709 ιιιιιιιιι,
908 1631 1054 1694 horrenda
1079 1644 1180 1712 strage
1198 1634 1298 1712 perie-

69 1727 138 1788 rant,
160 1719 199 1781 ab
219 1720 394 1796 Ambrosio,
412 1718 577 1781 Mediolani
595 1720 698 1801 episc,
724 1717 869 1783 ecclesiae
886 1720 969 1781 aditu
982 1729 1052 1791 ,octo
1070 1720 1179 1782 mensis
1193 1719 1298 1801 prohi-

71 1802 157 1863 bitum
160 1816 298 1884 ‚postea
315 1806 488 1887 supplicem,
505 1827 657 1887 purpura
654 1818 681 1868 et
695 1827 805 1876 corona
819 1809 962 1886 deposito,
980 1816 1045 1887 post
1061 1806 1209 1908 praeviam
1223 1825 1298 1868 con-

73 1888 232 1961 lessiuuenn
272 1902 303 1954 ιι
333 1894 526 1975 poenitentiae
559 1893 805 1973 significationem
830 1894 978 1994 publicam
1002 1895 1058 1955 ad
1065 1893 1298 1956 communionem

75 1977 228 2041 admissum
247 1980 349 2042 tuisse
366 1990 490 2056 constat,
507 2001 561 2041 nec
581 1992 676 2041 tamen
695 1981 725 2040 in
738 1982 851 2072 gqadns
864 1979 1040 2060 expiationis
1053 1991 1121 2041 onte
1134 1982 1297 2082 detrusum,

75 2066 106 2124 ad
136 2084 212 2145 qnos
244 2065 327 2145 alias
357 2068 497 2129 adstricta
521 2067 618 2129 luerat
643 2066 796 2129 criminum
822 2069 896 2128 adeo
922 2066 1082 2128 enormium
1109 2067 1298 2145 poenitentia.
1393 2084 1398 2099 '

75 2152 172 2213 'lestis
189 2164 236 2214 est
262 2165 381 2235 praeter
399 2155 593 2216 Sozomenum
618 2153 687 2216 hist.
706 2153 780 2216 cccl.
795 2155 827 2232 7,
844 2155 911 2227 25.,
937 2153 985 2234 qni
1007 2174 1044 2214 ex
1059 2152 1208 2215 veteribus
1225 2156 1306 2229 ΔιιιηΙ

76 2239 159 2300 brosii
177 2240 269 2303 vitam
291 2242 457 2322 descripsit,
473 2241 627 2305 Paulinus.
647 2276 683 2288 -
706 2243 733 2325 ξ.
748 2242 779 2303 2.
798 2199 911 2303 llahita
923 2241 1029 2302 deinde
1045 2259 1137 2302 sexus
1152 2252 1181 2302 ιι
1192 2248 1298 2320 status,

73 2322 165 2387 hahita
183 2327 281 2390 etiarm
298 2329 404 2408 aetatis
420 2329 450 2389 in
467 2328 650 2408 mitigatione
666 2347 826 2408 poenarum
844 2328 927 2390 ratio.
958 2327 990 2389 Si
1009 2348 1096 2407 porro
1114 2327 1297 2408 poenitentes

75 2414 231 2476 vehementi
249 2418 295 2476 mh
312 2417 422 2477 crimen
439 2417 626 2478 commissum
643 2414 745 2478 dolove
762 2416 973 2489 cruciarentur,
990 2416 1015 2475 si
1032 2414 1183 2495 patientia,
1200 2415 1297 2493 gerui-

76 2497 110 2560 tib
112 2519 162 2577 us,
190 2499 349 2605 lacrymis,
374 2503 460 2565 bonis
479 2503 633 2585 quibusvis
653 2503 792 2584 operibus
814 2502 940 2565 animum
964 2502 1034 2564 lacti
1054 2503 1248 2583 poenitentem
1269 2510 1299 2565 ιι

78 2586 155 2649 valde
171 2593 333 2653 contritum
352 2600 537 2670 testarentur,
555 2604 623 2653 tnnc
640 2594 676 2652 de
692 2592 876 2670 graduum
852 2611 953 2669 ragone
970 2590 1134 2666 remissum,
1152 2609 1298 2653 concessa

79 2675 220 2776 episcopis
240 2683 399 2777 potestate,
419 2678 613 2758 poenitentiae
632 2689 745 2764 tempus
765 2676 969 2751 contrahendi,
988 2674 1046 2737 cosi
1063 2683 1226 2756 contepmta
1241 2666 1298 2737 udo

78 2753 178 2840 χρόνον
203 2765 269 2845 τῆς
287 2757 468 2843 cccccccccc,
500 2776 528 2827 ιι
555 2786 591 2827 ιιι
617 2757 762 2844 graduum
786 2763 918 2827 inferiori
947 2763 1147 2871 poenitentes
1155 2761 1297 2861 cqctritcs

79 2848 213 2913 evehendi
241 2856 282 2914 acl
309 2872 470 2930 summurn,
498 2872 584 2933 quam
590 2851 819 2931 indulgentiam
846 2850 1042 2927 ciacconius,
1069 2841 1250 2949 cvyycm'pcqu
1268 2858 1297 2912 et

76 2930 284 3020 φιλαιθρωπ
282 2961 320 3006 αι
353 2947 482 3001 canones
506 2940 608 3019 graeci
637 2949 751 3001 vocant.
795 2939 888 2999 Facta
915 2937 1011 2999 luerat
1041 2939 1115 2998 haec
1145 2935 1295 3015 episcopis
1380 2949 1387 2970 “

81 3022 429 3102 copiacanonibusltet
448 3029 486 3088 12
506 3027 653 3109 Ancyrani
678 3023 846 3087 etNicaeui
866 3044 983 3097 ccccm,
1004 3043 1069 3086 can.
1090 3021 1297 3087 etiamlctl

80 3111 199 3188 epistoll.
212 3114 424 3177 canonicarum
440 3113 541 3176 Basilii
558 3124 595 3176 et
599 3113 735 3193 Gregorii
748 3113 889 3193 Nysseni,
906 3110 985 3173 illius
1002 3112 1037 3172 ad
1052 3107 1295 3190 Amphilochium,

79 3193 162 3300 hnjps
178 3205 217 3264 ad
235 3201 382 3277 Letoinm,
407 3200 625 3264 Melitinensem
643 3201 746 3281 episc·
772 3199 913 3275 Ulterius,
933 3200 958 3262 si
978 3219 1015 3261 ex
1031 3198 1189 3277 lapsorum·
1200 3196 1297 3260 redite

81 3281 192 3365 insigne
219 3290 252 3351 in
278 3289 434 3351 ecclesiam
462 3291 638 3351 redundaret
663 3286 906 3390 emolumentum,
938 3281 1112 3366 disciplinae
1137 3284 1296 3347 severioris
1400 3333 1407 3348 ,

82 3373 149 3459 adeo
165 3374 312 3439 interdum
329 3367 411 3437 obliti
427 3375 512 3439 fuere
528 3380 672 3454 doctores,
691 3385 733 3453 ιιι
753 3397 802 3456 qur
794 3374 895 3437 alias
909 3373 1023 3436 ferendi
1043 3383 1125 3435 erant
1141 3370 1296 3435 luctuosae

83 3452 274 3560 ppeniteutiae
291 3464 421 3540 labores,
433 3483 492 3526 eos
508 3464 700 3526 redeuntibus
717 3482 819 3525 omnes
828 3461 1074 3524 coadunaverint.
1093 3460 1192 3522 Hunc
1198 3460 1297 3522 eccle·
1318 3469 1319 3473 ’

84 3545 141 3609 siae
158 3549 290 3613 invocem
311 3555 427 3631 praeter
444 3550 636 3632 Trophimnrn
656 3550 768 3630 experti
788 3548 949 3623 Maximus,
973 3548 1122 3620 Urbanus,
1143 3546 1296 3623 Sidonius,

85 3631 249 3718 Macarius,
274 3637 477 3713 confessores,
503 3641 540 3700 ab
565 3658 664 3699 errore
680 3636 911 3700 Novatiancrum
935 3636 971 3695 ad
993 3633 1131 3694 unitatem
1152 3631 1297 3695 eeclesiae
1369 3713 1374 3722 ι

85 3734 266 3821 revertentes.
312 3725 345 3787 Si
371 3736 523 3806 praetcrea
539 3724 753 3826 persecutionis
770 3724 897 3785 verenda
906 3729 1070 3801 tempestas
1088 3734 1116 3780 ct
1132 3721 1168 3780 ad
1187 3729 1297 3799 marty-

85 3806 155 3871 rium
174 3814 354 3877 accendendi
374 3821 474 3875 essent
487 3811 640 3892 lapsorum
658 3811 756 3886 animi,
781 3809 828 3871 las
847 3829 963 3910 qunque
980 3818 1042 3870 erat
1058 3807 1214 3878 canonum
1223 3818 1297 3869 tem-

85 3907 187 3973 perata
204 3901 376 3978 severitate,
396 3904 473 3981 quod
492 3903 588 3964 adbuc
606 3900 759 3963 ferendum
778 3908 840 3959 erat
857 3895 1053 3977 poenitentiae
1070 3917 1163 3973 onus,
1189 3896 1297 3976 poeai-

86 3988 172 4049 tentcs
190 3992 291 4053 endem
311 3988 452 4052 liberare.
497 3990 539 4052 lta
561 3988 655 4060 visum
679 3987 735 4049 luit
750 3986 898 4068 Cypriane
916 3984 946 4045 in
965 3984 1187 4067 syu.,Carthag.
1205 3983 1242 4044 ιι.
1264 3989 1298 4042 ιιι

87 4088 124 4132 ιιι
137 4077 375 4140 antecedentibus
393 4085 516 4139 constat.
544 4077 679 4138 'landem
696 4074 782 4138 etiarn
798 4073 891 4154 lapsis
908 4072 939 4133 in
955 4072 1151 4153 poenitentiae
1168 4071 1298 4130 decursu

89 4168 215 4226 annocho
231 4164 483 4241 decumbentibus,
500 4186 537 4226 ne
553 4165 649 4226 animo
667 4163 865 4240 conciderent,
882 4180 955 4243 pace
971 4160 1114 4222 maturius
1131 4160 1206 4259 data,
1223 4157 1298 4217 seb-

90 4249 174 4311 reniri
200 4253 328 4315 ccclesia
346 4251 447 4326 voluit,
456 4255 546 4355 qnod
564 4264 659 4314 tamen
677 4250 882 4330 indulgentiae
906 4270 1001 4330 genus
1020 4265 1078 4309 non
1097 4245 1191 4326 prius,
1210 4264 1298 4325 quam

90 4335 208 4401 cnotttto
227 4340 402 4445 discipliuae
418 4338 592 4420 antiquioris
609 4339 707 4418 rigore
724 4338 859 4416 obtinuit,
879 4358 1001 4419 quorum
1018 4345 1173 4414 utrumqne
1191 4351 1297 4394 rursus

89 4437 123 4482 ex
138 4423 188 4504 iis,
210 4441 285 4511 qnae
301 4427 334 4491 iu
349 4426 590 4491 antecedentibus
607 4426 686 4505 dixi,
709 4425 961 4507 intelligitnrm-
924 4423 1026 4505 -§..
1032 4423 1062 4485 3.
1084 4420 1181 4484 Multo
1196 4429 1298 4486 antem
