3067 5075
391 228 792 317 Knnqudperoeltistoriee
809 233 984 316 ademptus.
1232 232 1293 301 ldl

78 406 136 470 nm
149 407 179 468 iu
197 404 356 488 Hispania,
380 414 509 489 tempore
525 406 667 491 syonna
685 406 843 490 pontificis,
870 409 1020 486 eelematl,
1045 414 1173 473 dauoues
1191 424 1295 473 omues

77 496 152 571 lere,
180 495 359 577 praeprimis
376 496 407 574 2,
433 498 465 570 3,
481 499 501 559 5
519 509 574 561 eta.
613 497 755 561 Videntur
778 498 877 578 itaque
900 495 1003 560 lideles
1028 498 1117 578 prisci
1139 498 1293 579 judicasse

79 583 180 660 satius,
206 582 386 664 baptismum
404 582 531 660 differre,
561 604 647 666 quarn
663 587 764 647 eodem
781 596 918 667 suscepto
942 585 1155 667 commissoque
1172 596 1294 667 peccato

78 673 199 753 quodam
219 671 331 754 privari
349 670 551 735 eacl'esiastlca
569 672 788 750 commuuione,
816 669 856 735 ad
871 684 958 757 qoam
975 694 1034 736 uou
1051 672 1107 734 nisi
1131 674 1200 755 post
1212 672 1295 736 naria

78 763 236 841 eademque
263 756 401 822 diuturna
425 760 621 841 poenitentiae
642 759 783 824 exercitia
806 768 835 823 et
850 770 971 823 externa
988 763 1161 824 documenta
1179 763 1295 843 patelini

79 842 179 911 nditds.
227 846 377 929 Quicquid
402 864 472 910 nero
497 849 672 929 permoverit
694 857 827 922 veteres,
853 859 964 911 certum
988 860 1043 927 est,
1068 851 1294 911 catechumenos

78 936 166 997 tuisse
184 929 404 1017 ἆβαπτίστσυς
426 935 634 999 etdiutissime
656 947 752 998 tamon
768 933 870 998 fideles
888 935 965 999 inter
982 937 1206 999 catechumenos
1223 942 1294 1019 per'-

78 1023 231 1102 mansisse,
256 1024 336 1084 uode
352 1022 460 1085 tactam
478 1032 531 1102 est,
548 1034 680 1106 utquam
701 1023 843 1106 plurimos
859 1042 937 1087 mars
952 1025 1153 1106 praevenerit,
1172 1025 1221 1106 qui
1238 1026 1295 1087 ha-

80 1110 210 1191 ptismutu
225 1111 405 1172 distulerant
414 1112 566 1191 hacteuus,
580 1131 637 1193 quo
650 1113 826 1174 decedentes
838 1114 1006 1174 mundiores
1019 1125 1129 1176 essent.
1150 1112 1296 1194 Exempla

79 1211 207 1261 recenset
231 1194 269 1262 0.
296 1197 442 1279 Sigonius
468 1201 520 1281 (de
545 1200 639 1262 occid.
661 1199 763 1281 imper.
790 1201 828 1260 ad
851 1220 920 1261 ann.
939 1201 1048 1278 35d.)r
1085 1205 1295 1277 constantines,

80 1286 177 1367 iuquit,
203 1298 235 1348 et
253 1288 392 1355 Gonetnrn
407 1286 459 1364 (de
476 1288 674 1368 exemplorum
691 1286 874 1366 certitudine,
897 1285 1033 1368 inprimis
1053 1291 1128 1368 qaod
1147 1287 1296 1350 Constan-

81 1373 166 1435 tinum
180 1374 297 1450 attinet,
315 1374 345 1435 in
363 1375 516 1455 praesenti⁴
527 1374 692 1455 disceptare
710 1373 862 1454 uolutans)
877 1384 1006 1436 utrumne
1020 1378 1195 1451 sacrofonte
1209 1379 1297 1438 attan

82 1468 134 1524 cna
148 1468 332 1535 accusarint,
345 1467 457 1542 ”parata
475 1472 652 1543 compertam.
673 1466 804 1536 ,connotat
818 1468 910 1540 enim,
934 1464 1058 1525 hominen
1073 1484 1122 1542 per
1137 1466 1188 1524 hoe
1205 1482 1296 1525 onnon

84 1551 127 1610 tha
142 1557 213 1612 inter
228 1553 438 1613 catechumenos
454 1572 484 1612 ee
500 1553 647 1631 probasne,
669 1568 719 1611 nso
734 1552 792 1613 aiei
807 1572 870 1613 acro
890 1558 1095 1612 remanentem
1113 1552 1297 1630 baptismatae

83 1644 220 1718 nmepios'e.
261 1642 342 1699 Nam
357 1648 384 1700 et
401 1642 581 1701 Constantine
598 1634 743 1718 deportat
764 1640 800 1700 nl
817 1646 972 1714 sezenca
988 1639 1160 1700 manmena
1176 1641 1245 1713 mci.
1260 1640 1296 1700 ah

82 1726 189 1787 Aetolia
211 1731 352 1806 episcopis
373 1732 447 1788 nario
470 1732 574 1788 initiati
593 1737 659 1787 nnat
683 1736 709 1787 et
729 1728 946 1787 Valentinianus
963 1727 1046 1804 jam,
1074 1727 1240 1805 baptisminn
1261 1729 1297 1787 ah

84 1814 223 1875 Ambrosio
238 1817 409 1894 perminus,
438 1816 654 1890 interfectorem
675 1823 701 1874 at
716 1818 865 1875 Martinus
880 1820 953 1875 inter
967 1811 1173 1875 catechumenos
1188 1818 1296 1876 coniti·

86 1910 154 1961 totae
176 1902 320 1963 miracala
346 1903 430 1964 edidit
450 1911 476 1963 ct
493 1902 658 1963 Aralrosine
679 1900 801 1962 nondum
826 1906 929 1962 tinctas
947 1907 1133 1980 episcopatem
1150 1907 1233 1963 inicit
1246 1908 1297 1964 na

86 2022 119 2034 -
151 1986 177 2070 d.
202 1988 258 2051 1οι
292 1988 399 2052 Verum
426 1988 502 2051 euim
528 2008 597 2050 uero
620 1995 654 2048 ut
670 1989 707 2049 ad
724 1987 899 2066 baptismum
918 2007 977 2047 nou
996 1988 1179 2067 properarint
1194 1987 1297 2049 lidelen

87 2073 183 2153 prisci,
208 2079 338 2138 eundem
363 2086 459 2138 tannen
476 2074 650 2170 simpliciter
671 2084 700 2136 et
716 2075 853 2137 ahsolute
873 2074 981 2136 nemini
998 2077 1199 2155 denegarunt,
1226 2075 1297 2157 quio

87 2161 192 2241 petias,
218 2175 251 2225 ut
279 2175 403 2244 argente
427 2162 614 2227 necessitatis
639 2165 734 2243 gradu
758 2160 943 2242 tingerentur
967 2163 1184 2240 catechumeni,
1211 2163 1297 2225 etiam
1396 2210 1399 2217 ‚

89 2254 149 2312 ante
164 2251 370 2333 praestitutam·
386 2251 526 2332 temporis
543 2260 647 2337 metam
663 2249 786 2330 saepius
803 2252 999 2333 mandarunt
1017 2248 1218 2325 dedicandas,
1248 2250 1297 2311 ina

89 2337 142 2416 cuit
153 2339 327 2422 Cyprianus
345 2341 406 2420 (ep.
424 2336 488 2420 13.)
510 2346 595 2402 etiarn
611 2345 638 2401 ei
653 2345 700 2420 ptri
715 2340 820 2414 inerint
836 2341 957 2418 pemseia
973 2344 1115 2418 praeconii
1136 2349 1162 2400 et
1176 2346 1206 2401 tn
1221 2344 1298 2401 enno

90 2434 225 2501 mnrtttnti,
249 2430 403 2508 mantio
417 2438 512 2491 amira
527 2448 561 2489 ae
576 2428 656 2489 desit.
694 2424 818 2489 Cicurino
830 2426 1015 2506 Augustinus
1039 2429 1091 2507 (de
1105 2427 1154 2488 hd:
1172 2436 1202 2488 et
1217 2446 1298 2507 oper.

89 2510 128 2594 d.)
144 2513 235 2598 iuquit
245 2520 264 2579 t*
290 2518 337 2579 en
351 2519 417 2593 hoc,
443 2517 490 2579 athi
505 2516 659 2597 qnmqaarn
674 2516 747 2591 forte
771 2517 829 2577 dios
845 2525 923 2593 nepot
938 2525 1093 2595 ectromate,
1119 2526 1149 2577 at
1164 2516 1203 2576 acl
1215 2517 1299 2578 nerle

88 2609 257 2679 paenissime,
276 2607 373 2687 quidne
388 2615 481 2666 torum
497 2611 592 2665 omnia
607 2609 791 2681 continenter,
819 2605 912 2664 eredat
934 2611 1192 2683 sacramentumque
1205 2601 1299 2682 porat-3

89 2694 158 2767 piat,
178 2703 208 2754 at
230 2700 262 2754 oi
284 2712 321 2753 en
343 2693 395 2754 hnc
417 2698 475 2755 cita
498 2698 675 2771 minoraverit,
700 2693 835 2752 liberatas
856 2700 938 2751 occat
954 2713 974 2751 o
988 2701 1069 2753 reatu
1085 2695 1299 2771 practdrttomttt

91 2783 199 2842 nmmum
221 2790 408 2860 peccatoram.
453 2777 629 2859 Exemplum
654 2776 822 2858 hujusmodi
846 2778 1050 2840 catechumeni
1071 2782 1109 2840 oh
1135 2777 1298 2859 periculam

92 2866 179 2927 nortis
194 2866 336 2950 haptluuti
354 2867 453 2943 eitius,
477 2884 564 2948 quam
583 2865 657 2928 alias
673 2863 809 2926 solebant
826 2875 947 2941 veteres,
963 2876 1099 2928 recenset
1114 2867 1300 2947 Nicephorum

92 2945 218 3017 cattinas
235 2949 323 3031 (hist.
342 2955 415 3018 eccl.
433 2951 483 3029 lt,
505 2956 567 3033 ¹2.)
585 2955 701 3035 quaudo
719 2952 862 3013 Judaeum
881 2954 1034 3032 quendam,
1059 2951 1299 3015 amnltisaunis

91 3038 277 3123 pnralptleunr
300 3052 387 3125 atque
411 3041 441 3103 in
470 3041 546 3103 lee‘to
572 3039 661 3102 veluti
680 3042 795 3121 pondus
820 3040 965 3121 jacentem
982 3039 1236 3121 Constantinopoli
1261 3042 1299 3102 alt

92 3123 175 3189 liticn
191 3129 373 3211 baptizatum
389 3141 475 3211 atque
491 3128 648 3205 iusimnla
666 3128 767 3188 manha
797 3125 953 3189 llheratnrn
977 3145 1044 3189 esse
1066 3127 1179 3189 scribit.
1217 3128 1299 3191 Cne-

93 3221 173 3277 terurn
189 3220 236 3299 qui
255 3218 310 3280 hnc
324 3221 410 3280 modo
428 3218 458 3279 iu
474 3219 629 3298 desperato
644 3233 716 3278 casu
735 3215 871 3294 baptizati
887 3226 978 3296 erant,
994 3215 1019 3278 si
1037 3218 1154 3297 qnando
1169 3221 1301 3278 cessaret

94 3302 256 3385 periculum,
274 3305 400 3386 plenius*
412 3307 448 3367 de
464 3305 553 3366 nehus
570 3304 637 3365 fidei
654 3303 889 3365 inlorruahautnr
906 3309 938 3364 ei
950 3305 985 3366 de
998 3321 1074 3365 unco
1090 3304 1174 3386 quasi
1191 3302 1301 3366 llehnnt
1349 3359 1354 3368 .

96 3393 300 3472 catechumeni,
327 3394 506 3476 usquedum
524 3394 561 3453 de
578 3391 634 3452 lide
653 3389 812 3452 orthodoxa
830 3390 1001 3472 plenissime
1018 3391 1166 3454 informati
1191 3402 1219 3454 et
1234 3411 1300 3455 nun·

97 3481 376 3563 nnuntimpositione
393 3479 563 3556 conlirnrati,
580 3479 616 3540 ad
634 3477 748 3559 reliqua
765 3478 1125 3559 qnoquechristiaaoruur
1143 3499 1229 3541 sacra
1245 3482 1301 3541 ud·-

96 3563 300 3631 dissiluerint.
334 3607 378 3634 ,—
410 3569 437 3653 ῇ.
466 3569 516 3629 ll.
550 3565 803 3643 Quemadmodum
820 3587 888 3627 vero
914 3565 944 3625 in
963 3573 1146 3627 sacra'rnento
1165 3565 1301 3647 baptismi

96 3648 165 3712 iuter
177 3658 404 3719 catechumenos
424 3656 623 3735 dispensando
638 3654 736 3715 serius
754 3655 863 3733 agebat
884 3653 982 3733 'prisea
999 3651 1137 3731 ecelesia,
1154 3653 1193 3715 ita
1211 3654 1301 3715 mnltn'

95 3741 315 3819 nagtseosoem
333 3748 371 3806 ah
390 3764 448 3805 usn
465 3762 575 3804 caenae
591 3740 763 3804 Dominicae
780 3743 921 3802 arcebant
937 3751 1067 3818 veteres,
1096 3761 1161 3811 cunr
1178 3762 1214 3804 ne
1232 3761 1301 3823 per-

96 3824 214 3893 miserint
237 3828 369 3913 quidein,
395 3843 428 3893 ut
444 3831 621 3893 interessent
638 3827 858 3905 catechumeni,
884 3831 1005 3909 quaudo
1025 3848 1110 3891 saera
1130 3831 1202 3892 haec
1226 3829 1303 3893 tuter

96 3903 267 3982 cincinnos
287 3919 404 3982 fiebant.
453 3917 581 3980 Causam
607 3916 717 3996 allegat
733 3917 858 3979 Marcus
878 3916 1022 3978 Antonius
1040 3920 1076 3979 de
1092 3918 1227 3980 Dominis
1250 3919 1303 3997 (de

96 4005 150 4081 t'tp.
166 4006 233 4068 ecel.
256 4007 307 4069 lih.
324 4008 389 4086 7.):
424 4007 648 4081 concitamenta,
672 4004 783 4084 iuquit,
810 4011 919 4066 tametsi
941 4011 997 4085 ipsi
1017 4025 1121 4086 qumque
1136 4014 1195 4069 siat
1207 4007 1302 4082 fidicine

96 4095 183 4151 duna
200 4097 340 4173 infideles,
367 4100 418 4158 hoc
434 4106 527 4155 tannen
544 4099 704 4168 martenam
721 4097 841 4170 celatur,
865 4095 949 4154 donec
965 4094 1003 4154 nd
1022 4096 1189 4173 baptismata
1203 4111 1301 4172 peroc-

99 4182 193 4255 aernn,
216 4204 251 4244 nc
264 4187 501 4260 smndaliecntar,
524 4183 572 4243 scd
587 4182 726 4260 paulatim
744 4191 808 4259 pont
823 4184 900 4242 altas
913 4183 1138 4275 concinnandam
1153 4186 1304 4262 propinent

98 4260 221 4342 ldptlnm
243 4277 327 4335 etiarn
341 4279 373 4334 in
389 4275 440 4333 hoc
456 4276 584 4344 mysteria
600 4276 778 4331 instruantur
793 4277 844 4332 etc.
882 4267 942 4330 Sed
960 4285 1134 4352 quacunque
1158 4269 1194 4329 de
1212 4283 1304 4332 nausa

99 4345 180 4430 liius
193 4360 366 4423 sacramenti
384 4355 521 4442 mysteria
537 4357 763 4418 catechumenos
780 4354 912 4429 celatim,
937 4363 1047 4419 certam
1064 4365 1118 4431 ent,
1138 4357 1216 4436 qnod
1232 4375 1303 4419 eos-

100 4432 162 4499 lnnr
177 4451 242 4507 aute
265 4446 514 4512 consecrationem
538 4439 734 4527 symbolorum
757 4442 1017 4508 sacramentnh‘nru
1042 4463 1059 4505 e
1083 4441 1199 4525 templis
1220 4444 1309 4509 ahira*

141 4538 202 4586 Tha.
213 4549 313 4601 cunquire.
325 4550 398 4593 chrisa
408 4550 464 4618 1151,
1057 4548 1099 4613 11
