3067 5075
161 253 167 259 ¹
270 260 336 326 108
370 344 374 357 Ι
652 259 734 326 XLl.
776 261 803 326 1.
820 258 880 325 'llo
898 260 935 326 1².
951 252 1100 325 Droscler

271 432 391 518 probari
408 433 487 495 lroud
504 440 644 515 possunt,
670 454 706 498 ea
727 437 924 497 tautummodo
947 435 1115 518 recipienda
1132 434 1248 517 putari,
1271 455 1340 518 quae
1360 445 1445 519 patmn

272 520 444 585 auctoritate
468 520 648 598 niterentur,
672 543 764 605 eoque
782 522 905 585 consilio
928 544 1029 586 omues
1048 523 1204 586 consulere
1220 523 1331 597 studui,
1353 547 1445 606 quorun

196 653 199 661 ι
271 611 302 672 iu
320 609 439 691 scriptis
457 611 492 671 de
508 607 614 691 agapis
632 607 683 671 lrin
697 608 761 671 illic
778 632 874 674 scrmo
891 621 944 675 est.
981 612 1051 675 lude
1068 611 1177 674 iactum
1197 621 1251 690 est,
1273 622 1304 673 ut
1317 609 1384 673 lraud
1399 635 1445 675 raro

272 698 435 781 opiniones,
453 716 527 778 quas
543 709 575 759 ιιι
591 697 696 762 dubias
714 708 742 761 et
756 698 885 761 incertas
901 699 955 762 riri
971 701 1047 762 docti
1064 698 1254 782 protulerant,
1271 711 1372 781 patrum
1387 700 1445 782 locis,

273 806 348 868 quos
365 785 452 868 plane
468 783 678 866 neglexerant,
705 786 877 849 confirmare
894 807 1022 870 possem.
1061 788 1187 851 Omnino
1205 788 1277 849 haec
1299 787 1360 848 mili
1380 789 1445 868 prino

271 873 330 935 init
343 873 410 951 lex,
445 882 476 937 ut
492 871 566 935 nihil
581 873 724 951 dicerem,
750 877 825 957 quod
846 896 905 936 non
920 875 1102 955 argumentis
1121 875 1213 937 firmis
1232 886 1259 938 et
1275 876 1398 955 gravidus
1410 879 1446 938 lo

271 960 427 1026 monstrari
445 970 554 1044 posset.
577 961 665 1025 llaec
677 961 777 1039 habui,
794 983 869 1044 quae
886 962 1045 1044 praefarer,
1063 963 1193 1044 nilrilque
1211 973 1301 1025 restat
1317 966 1445 1044 optandum,

185 1124 187 1131 Ι
272 1071 359 1133 quam
376 1060 408 1112 ut
427 1049 498 1113 ciris
522 1049 616 1112 doctis
634 1050 792 1132 peritisque
816 1052 918 1114 irarum
934 1072 1031 1113 rerum
1056 1050 1175 1114 arbitris
1192 1071 1252 1112 uon
1270 1048 1351 1132 plane
1372 1051 1447 1132 displi-

272 1148 359 1201 ceant
373 1137 401 1199 loi
416 1136 557 1220 juvenilis
574 1138 679 1201 aetatis
697 1151 830 1201 conatus.
864 1172 906 1187 -
938 1141 967 1225 ξ.
986 1142 1015 1204 l.
1046 1139 1099 1202 Ilo
1119 1138 1280 1219 origine
1299 1138 1446 1218 ctsigni·
1489 1190 1490 1219 ,

271 1224 473 1289 linatione
498 1224 609 1289 uocis
633 1217 780 1309 ἀγάπη.
817 1226 992 1309 Priusquam
1015 1228 1113 1309 ipsum
1137 1247 1298 1308 agapamm
1320 1224 1446 1287 institutum

270 1311 475 1376 illustrandum
500 1314 676 1395 aggrediar,
708 1317 744 1377 de
772 1314 950 1378 derivatione
979 1322 1008 1377 et
1035 1313 1254 1395 significatione
1280 1316 1353 1377 rucis
1372 1304 1446 1395 ἇγάιιγ
1489 1332 1490 1369 ι

271 1421 368 1485 pauca
382 1400 594 1505 Braemitteoda
611 1421 680 1466 esse
696 1401 764 1465 milri
782 1402 924 1466 ridentur.
955 1403 1116 1465 Descendit
1133 1403 1208 1465 lraec
1224 1423 1280 1466 uox
1294 1400 1360 1464 satis
1373 1407 1446 1462 ιοιιι
1489 1382 1490 1455 l

270 1491 361 1554 uerbo
378 1487 510 1572 αγαπὰν,
532 1493 609 1572 quod
625 1490 817 1555 Grammatici
834 1489 913 1553 lrcud
930 1490 1016 1572 pauci
1035 1499 1130 1576 ortum
1148 1492 1216 1554 css‘e
1233 1489 1331 1554 volunt
1344 1475 1395 1549 dui
1407 1485 1446 1548 eri
1481 1535 1483 1549 .

271 1569 358 1661 ἄγειν
370 1575 445 1655 πᾶν,
461 1578 532 1660 quia
548 1599 631 1640 amor
645 1574 744 1641 omnia
761 1578 912 1642 consociet
928 1576 1203 1662 atque-conjungat,
1221 1578 1307 1640 sicuti
1323 1576 1403 1638 odium
1416 1575 1446 1635 li-

270 1666 359 1745 rimct
376 1664 473 1728 omnia
486 1676 519 1745 ‚et
534 1666 665 1748 dissipet.
703 1665 761 1728 Alii
780 1666 871 1729 invita
887 1665 1024 1729 Minerva
1040 1661 1175 1729 derivant
1190 1669 1229 1728 alr
1248 1658 1323 1747 ἄγαν
1337 1671 1362 1726 οι
1375 1653 1446 1741 crdo,

270 1772 327 1818 nec
340 1753 451 1816 rectius
468 1751 519 1815 alii
537 1773 575 1816 ex
588 1743 730 1833 παύομαι
747 1753 940 1835 compositum
955 1751 1023 1817 esst
1039 1754 1149 1831 volunt,
1165 1755 1237 1835 qnia
1252 1753 1382 1814 interdum
1395 1743 1446 1831 ἆγο-

269 1839 336 1904 noir
352 1840 542 1923 acquiescere
559 1840 708 1922 significat
725 1862 791 1904 cum
809 1842 905 1904 dativo
921 1843 1063 1925 junctum.
1101 1841 1257 1924 Ejusmodi
1274 1848 1363 1902 ιιιιιοιι
1375 1836 1446 1900 lario

270 1929 432 1993 lotionibus
449 1929 475 1992 si
490 1929 646 2011 indulgere
663 1927 747 2010 uelis,
774 1929 915 1993 semiticis
930 1951 1056 2013 quoque,
1081 1951 1155 2012 quas
1172 1938 1293 2007 vocant,
1304 1925 1398 2007 linguis
1410 1945 1445 1987 ιο

271 2017 378 2087 cabula
400 2009 530 2100 ἇγαπάω
548 2026 577 2081 et
597 2007 702 2100 ἀγάπη
726 2018 814 2080 ιοὶΙιιιί
834 2029 967 2100 possunt.
1004 2019 1059 2080 llst
1081 2018 1157 2080 enirn
1181 2020 1300 2081 rerlrunr
1317 2016 1445 2078 Helraonn

269 2122 343 2193 ποατ,
368 2107 445 2187 qnod
463 2126 563 2170 amare
580 2105 743 2186 signifieat,
768 2106 927 2189 praecipue
943 2116 1039 2168 autom
1057 2109 1210 2168 deaurare
1228 2106 1371 2167 inhonesto
1385 2099 1445 2162 alli-

269 2195 372 2272 betur,
398 2215 426 2257 r.
445 2213 471 2257 c.
486 2195 595 2258 licerio.
611 2192 669 2271 2³,
690 2196 709 2254 5
727 2215 752 2256 s.
790 2194 850 2256 Sed
867 2194 913 2257 lois
930 2194 1099 2255 commentis
1116 2192 1253 2267 omissis,
1277 2191 1364 2274 potins
1377 2187 1445 2250 ranas

270 2282 354 2347 uocis
377 2280 608 2361 significationes
632 2281 760 2344 breviter
781 2302 972 2364 exponamus.
988 2305 991 2311 ·
1009 2281 1166 2362 Significat
1181 2278 1351 2343 vocabulum
1370 2264 1444 2357 ἀγάπη

271 2381 301 2434 οι
317 2368 493 2450 primitivum
509 2363 632 2452 ἀγαπᾶν
646 2371 723 2451 apud
741 2368 875 2431 Graecus
891 2390 949 2430 nou
966 2367 1076 2431 tantum
1094 2369 1204 2432 amoris
1221 2380 1249 2432 οι
1265 2362 1444 2447 benevolentiae

167 2453 185 2467 '⁸
213 2464 218 2470 '
269 2477 409 2534 sensum,
435 2458 487 2519 sed
505 2470 533 2519 et
547 2457 636 2539 hujus
653 2477 760 2519 seusus
778 2451 1002 2519 declarationem
1020 2478 1234 2541 quamcunque,
1257 2454 1341 2539 plane
1355 2462 1381 2514 ut
1393 2450 1444 2510 iden

202 2599 206 2612 ,
269 2547 334 2609 fe'rc
351 2544 523 2627 significans
539 2547 643 2625 φιλεῖν
650 2548 690 2627 *),
707 2545 763 2607 uisi
782 2548 858 2628 quod
876 2539 998 2628 dyocesis
1014 2547 1151 2629 majorem
1169 2547 1279 2609 amoris
1297 2544 1402 2625 gradun
1413 2537 1444 2597 iu-

271 2634 372 2697 dicare
396 2634 519 2698 videtur.
566 2632 737 2697 Communis
761 2645 806 2697 est
829 2643 954 2715 utraque
981 2635 1062 2697 vocis
1087 2633 1267 2714 significatio
1293 2625 1445 2711 scriptoribus

270 2722 389 2805 graecis
407 2732 434 2785 et
451 2721 546 2785 sacris
563 2730 591 2785 οι
607 2721 757 2804 profanis3
776 2733 804 2784 et
820 2731 973 2785 contextus
991 2722 1101 2804 ulique
1117 2721 1208 2785 facile
1225 2724 1316 2799 docet,
1331 2728 1409 2780 utrum
1422 2712 1445 2771 lc

271 2830 371 2875 amore
393 2809 458 2891 ipso
474 2831 515 2873 an
528 2812 564 2873 de
580 2831 613 2874 re
629 2809 730 2892 aliqua
751 2830 878 2873 amorem
901 2810 1153 2890 significante,v.
1171 2831 1197 2872 c.
1215 2814 1252 2873 de
1275 2809 1362 2872 amica
1375 2812 1398 2865 et
1409 2801 1445 2860 le

269 2899 365 2981 nigua
380 2897 505 2962 aliorum
523 2897 696 2980 exceptione
713 2909 741 2962 οι
762 2898 951 2977 tractatione,
976 2901 1013 2961 de
1028 2897 1206 2961 liberalitate
1224 2908 1278 2963 οιο.
1301 2892 1445 2986 adhibeatur.
1489 2963 1490 2994 γ

270 2986 333 3051 Sed
349 2986 381 3048 iu
399 2985 527 3051 ecclesia
544 2987 703 3051 christiana
721 2986 847 3050 obtinuit
863 2987 930 3048 iude
948 2985 1075 3067 aprime
1094 3008 1121 3068 p.
1139 2986 1174 3050 C.
1190 3006 1220 3050 n.
1246 3006 1303 3049 sec.
1325 2981 1377 3045 alia
1389 2992 1464 3039 ιοοιο.

270 3063 377 3159 ἀγάπη
395 3087 423 3139 et
445 3076 475 3137 iu
494 3076 638 3157 singulari
650 3076 696 3152 ”l
723 3084 751 3139 et
775 3075 805 3137 iu
830 3072 937 3157 plurali
954 3096 1074 3137 numero
1088 3072 1290 3154 significatio,
1312 3088 1379 3153 quac
1397 3057 1445 3126 sols

271 3163 384 3227 Christi
399 3163 528 3227 adseolis
544 3163 703 3245 peculiaris
721 3162 787 3226 fnit.
825 3161 1129 3226 Circumscribelratur
1149 3161 1227 3224 enim
1245 3163 1282 3224 alr
1302 3159 1336 3220 iis
1349 3174 1397 3219 uox
1407 3168 1445 3229 gt·

270 3249 402 3314 nerallor
426 3250 647 3332 angustioribus
671 3248 820 3328 terminis,
849 3250 891 3312 ita
916 3258 947 3310 ut
972 3250 1106 3313 convivia
1132 3249 1446 3312 christianorum-sara.

270 3348 409 3421 tanquam
431 3338 562 3419 insignia
579 3336 668 3401 mutui
694 3336 803 3400 amoris
821 3336 1065 3420 documentam)
1088 3338 1145 3400 lroc
1161 3339 1278 3400 nomine
1295 3329 1397 3417 proprio
1409 3344 1446 3403 aa
1489 3373 1490 3398 ι

270 3425 461 3510 pellareutur.
497 3425 614 3490 Accidit
630 3425 723 3507 igitur
737 3426 807 3488 lmic
824 3424 967 3489 uocabulo
984 3425 1070 3500 idem,
1095 3428 1170 3508 quod
1187 3425 1287 3489 multis
1302 3420 1363 3484 aliis
1378 3410 1446 3479 eccle·
1489 3407 1490 3434 ¹

272 3514 420 3594 siasticis,
447 3535 504 3598 quo
524 3505 733 3595 discussoriam,
756 3505 935 3597 γράμματα,
959 3505 1079 3596 γραφὴ,
1102 3506 1268 3595 βάπτισμα
1290 3520 1316 3573 et
1337 3497 1445 3590 permulti

270 3603 361 3689 liujus
377 3602 498 3687 generis
514 3602 675 3687 pertinent,
702 3613 732 3665 nt
750 3602 919 3686 specialiori
942 3599 1151 3682 significationi
1174 3597 1340 3684 generalior
1354 3591 1447 3656 cederet

329 3859 374 3949 f)
394 3864 529 3916 Aristotel.
552 3861 658 3915 liberor.
679 3863 722 3929 10,
742 3862 792 3915 11:
830 3856 869 3912 Τὸ
889 3861 1047 3929 φιλεῖσθαι,
1069 3856 1238 3927 ἀγαπᾶσθαι
1254 3855 1326 3910 ἔστιν
1341 3829 1444 3903 αιίιονδι1

194 4055 199 4066 ,
273 3928 385 4066 altoll)
407 4000 533 4053 clement.
554 4001 695 4054 Alexandr.
723 4000 869 4063 Paedugog.
890 4000 922 4063 2,
945 3999 970 4051 l.
998 4014 1024 4068 ιι.
1045 3969 1119 4054 142.Ι
1138 3992 1190 4047 Ἐν
1217 3992 1345 4078 οὐρανοῖς
1362 3959 1456 4094 ἒιιτιιὲιΙ

274 4065 343 4134 orden
361 4065 378 4135 ἡ
398 4064 565 4140 ἐπουράνιος
582 4067 692 4139 εὐωχία.
718 4063 735 4133 ἡ
754 4066 787 4119 dd
806 4067 934 4150 ἐπίγειος,
944 4066 1062 4120 δεῖπνον
1080 4067 1214 4130 κέκληται..
1240 4060 1273 4116 do'
1293 4067 1396 4147 “ds‘l'l'
1409 4054 1446 4147 ll

273 4133 427 4212 γινόμενον
444 4136 474 4192 τὸ
493 4138 625 4203 δεῖπνον,
653 4133 709 4190 ἀλλ’
732 4132 784 4188 οὐκ
803 4132 900 4203 dynam
918 4134 949 4189 τὸ
968 4135 1100 4208 δεῖπνον,
1126 4134 1228 4204 δεῖγμα
1248 4131 1280 4184 δὲ
1298 4139 1394 4183 rororut
1408 4129 1445 4210 ιιι.

273 4211 392 4274 retractior
409 4209 457 4262 καὶ
474 4202 670 4278 εὖμεταδότοιι.
690 4208 837 4272 Bnlsnmon.
857 4207 889 4258 od
911 4223 1004 4258 onnon.
1025 4206 1074 4287 543
1088 4205 1188 4257 Goocil.
1207 4205 1233 4286 in
1250 4201 1344 4253 Trullo.
1361 4211 1383 4262 p.
1398 4182 1445 4239 lll-

273 4269 1294 4408 accarca.alera“latacarrarca.
1313 4335 1354 4390 ιι.
1375 4345 1397 4397 ι.
1413 4318 1446 4373 ο

273 4418 362 4542 gosna
380 4350 469 4476 dostrc
486 4387 518 4474 de
537 4420 639 4473 nomine
656 4382 845 4471 rationem’sui
861 4417 990 4487 ostendit;
1017 4381 1044 4468 id
1061 4361 1179 4480 vlontur,
1198 4381 1265 4482 duod
1281 4402 1375 4480 dilectit
1389 4396 1446 4463 1¹⁸⁸ll

297 4504 399 4544 raneos.
