3067 5075
301 293 337 355 de
354 287 530 376 disciplinae
546 289 650 356 misti
665 287 698 355 irt
715 286 790 355 beel.
807 284 966 355 ὼὶίτίιιιι
984 286 1109 393 origine.
1244 293 1310 361 800

92 462 275 528 diehetunnis
290 463 433 529 densium
449 464 726 530 eutmbsuenorurn
742 463 874 528 substitit
889 462 1027 541 eeclesia,
1043 465 1096 527 sed
1111 483 1194 538 rnen,
1208 464 1309 530 musis

16 606 18 621 ,
91 550 210 614 idoneis
226 553 317 634 (quas
333 564 429 615 menen
446 551 494 617 bic
506 573 645 616 enarrare
661 554 783 632 longum
796 563 825 614 et
840 553 878 614 ab
890 571 922 613 re
934 550 1024 632 iuret)
1040 562 1127 628 mota,
1143 555 1181 617 ad
1198 552 1310 617 triebe-

92 639 213 702 toeniam
230 661 392 722 progressa
410 653 472 719 est,
491 661 578 723 quam
595 642 655 723 jem
675 642 753 723 apud
770 639 930 718 Origeeem
948 637 1121 718 reperimus,
1140 651 1169 701 et
1187 660 1264 721 quse
1281 653 1310 707 et

90 726 160 806 ipsa
184 730 372 807 postmodum
387 729 487 792 rarias
509 729 683 791 mutationes
707 747 848 810 perpessa
872 735 926 789 eet.
971 725 1033 787 Sed
1058 728 1131 789 haee
1154 726 1309 793 hermeus·

92 814 169 875 Nune
183 814 334 878 historiam
350 814 608 878 catechumenatus
622 814 746 879 ulterius
763 822 920 876 contexere
936 833 955 874 a
971 812 1095 875 consilio
1111 824 1215 875 nostro
1230 812 1308 879 alie-

90 920 161 962 num
193 913 256 980 est,
290 922 356 965 oum
379 923 457 985 guae
486 904 640 986 hucusque
667 901 819 965 attulimus
843 903 880 964 ad
904 903 1140 981 cognoscendam
1164 901 1309 981 originem

89 986 270 1070 disciplinae
291 991 391 1053 arcani
411 989 570 1055 sufficiant.
614 990 646 1051 ld
665 991 742 1070 quod
758 1009 839 1051 nunc
856 987 961 1068 paucis
977 990 1235 1051 demonstrandum
1253 1001 1310 1055 est.

88 1108 132 1121 -·
149 1076 180 1160 §.
192 1077 224 1140 9.
253 1076 450 1164 Relationem,
467 1098 542 1159 quae
559 1075 829 1140 catechumenatum
846 1075 922 1139 inter
939 1086 967 1139 et
983 1074 1116 1156 origines
1132 1075 1309 1158 discipliuae
1333 1078 1342 1087 '

90 1162 195 1225 mesni
220 1163 397 1239 intercedat,
422 1165 635 1247 investigantes
659 1174 727 1226 unte
753 1162 852 1225 omnia
874 1176 976 1225 eorum
1002 1182 1145 1225 memores
1166 1184 1234 1227 esse
1251 1185 1308 1227 nos

88 1259 223 1330 eportet,
247 1271 323 1333 quae
341 1272 433 1332 supra
459 1251 502 1335 (ᾗ.
517 1251 552 1330 4)
576 1253 613 1313 de
636 1251 702 1314 loco
722 1250 871 1330 disputata
889 1261 974 1326 suut,
1000 1272 1084 1331 quem
1104 1271 1142 1313 ex
1160 1252 1309 1315 sententia

88 1336 328 1411 Christianorum
352 1340 566 1422 primaerornm
587 1338 789 1401 catechumeni
808 1335 838 1398 iu
859 1336 988 1399 ecclesia
1007 1339 1154 1400 tenebunt.
1189 1339 1222 1400 lu
1240 1338 1309 1418 ipsa

87 1424 357 1491 seateermetesia
381 1435 465 1489 eraut
482 1425 647 1503 conmituti,
673 1446 731 1487 nou
754 1423 849 1503 foris,
871 1423 949 1506 ipsis
966 1423 1145 1486 Christianis
1161 1445 1307 1489 accense-

87 1513 214 1589 bnutnr,
237 1533 296 1576 nou
314 1513 473 1577 extraneis.
506 1515 569 1576 Nec
592 1523 688 1574 temen
707 1521 862 1594 propterea
879 1511 1012 1593 ejusdem
1029 1512 1140 1573 ordinis
1160 1522 1188 1583 et
1205 1512 1307 1593 digni.

86 1599 160 1661 tatis
178 1610 262 1662 erant
280 1619 346 1664 eum
365 1600 523 1678 fidelibus,
552 1600 582 1663 h.
602 1621 628 1663 e.
646 1599 825 1662 Christianis
846 1598 906 1680 jam
931 1597 1045 1675 tinctis,
1072 1602 1124 1662 sod
1143 1598 1190 1662 lnis
1209 1602 1308 1680 gradu

86 1685 313 1751 ecclesiasticae
334 1688 486 1769 dignitatis
508 1686 675 1751 inferiores.
709 1688 772 1750 lam
796 1706 868 1766 ergo
887 1696 953 1766 post
977 1685 1239 1749 catechumenatus
1257 1686 1307 1749 in-

85 1774 271 1837 stitutionem
288 1775 415 1839 ecclesia
432 1773 542 1856 duplex
559 1795 656 1855 genus
674 1773 908 1836 Christianorum
925 1773 1102 1850 continebat,
1118 1774 1179 1856 jann
1196 1774 1309 1855 reptos

84 1864 192 1924 aderat
210 1861 453 1938 christianismus,
476 1862 572 1941 gradu
591 1862 665 1923 alter
681 1863 718 1922 ab
736 1861 828 1929 altero
846 1859 993 1938 diuersus,
1012 1870 1043 1921 ut
1062 1864 1151 1923 uerbo
1168 1880 1307 1942 compre-

85 1951 269 2027 hendamus,
295 1948 532 2012 christianismus
556 1954 710 2011 neotericae
786 1946 1019 2013 christianismus
1038 1954 1194 2010 neotericos.
1240 1949 1304 2011 Res

83 2036 221 2100 inaudita
238 2048 316 2101 certe
334 2047 361 2099 et
379 2058 465 2118 quam
483 2046 550 2100 autc
567 2034 697 2115 tempora
714 2033 874 2096 novitiatus
892 2033 1001 2095 conditi
1018 2053 1104 2095 nemo
1116 2032 1303 2097 Christiano-

85 2144 150 2187 rum
169 2145 208 2186 ue
227 2122 404 2202 somniasset
420 2123 552 2207 quidem,
577 2125 630 2185 sed
650 2121 807 2184 manilesta
830 2129 927 2182 tamen
947 2128 976 2181 et
990 2141 1066 2202 quae
1083 2141 1121 2184 ex
1136 2121 1203 2204 ipsa
1220 2128 1307 2185 catess

84 2212 281 2274 chumeuatus
307 2223 413 2275 nutura
435 2210 605 2274 necessario
633 2221 661 2271 et
684 2229 741 2272 sua
765 2218 870 2286 sponte
895 2211 1141 2287 consequebatur.
1181 2208 1304 2270 Fideles

81 2299 186 2380 itaque
201 2309 321 2378 repente
338 2321 375 2361 ex
390 2298 568 2363 Christianis
584 2292 732 2376 gregariis
749 2294 780 2353 iu
795 2291 980 2354 Christianos
996 2299 1136 2356 enarrarre
1150 2296 1304 2358 oduario·

11 2443 12 2449 ,
81 2392 129 2449 nie
145 2386 347 2449 transformati
371 2393 450 2463 sunt,
469 2397 505 2446 en
524 2383 610 2446 unice
633 2385 668 2444 de
684 2400 793 2456 ceusu,
815 2379 883 2460 quia
902 2378 952 2442 alii
977 2382 1015 2441 ad
1034 2381 1203 2444 societatem
1222 2382 1305 2445 chri·

82 2475 214 2538 stinuaur
241 2482 447 2553 accesserunt,
481 2470 548 2555 qui,
580 2468 712 2553 quamvis
740 2478 768 2530 ot
792 2467 850 2550 ipsi
872 2465 1032 2530 Christiani
1059 2467 1257 2551 haberentur,
1286 2491 1305 2533 a

81 2574 337 2630 sacramentorum
362 2573 458 2625 tamen
484 2558 687 2623 commuuione
713 2555 865 2636 segregati
898 2558 1030 2639 arleoqne
1059 2555 1119 2620 illis
1146 2557 1308 2626 inferiores.

80 2662 179 2714 eraut.
214 2649 274 2711 Sed
291 2657 540 2712 sacramentorum
557 2648 654 2724 etiem,
672 2643 807 2725 baptismi
823 2639 943 2724 inquam
959 2654 988 2706 et
1004 2665 1113 2706 menae
1129 2645 1305 2724 dominicae,

81 2736 264 2801 existimatio
295 2735 364 2798 hinc
393 2736 463 2798 iude
487 2736 517 2797 iu
543 2732 669 2796 ecclesia
692 2731 864 2793 necessario
891 2730 1070 2793 incrementa
1094 2733 1173 2793 haud
1193 2732 1304 2813 exigua

81 2827 173 2907 cepit.
210 2822 298 2886 Notio
313 2823 379 2905 ipsa
398 2843 499 2886 eorum
518 2820 705 2883 mutationem
724 2818 824 2880 subiit.
857 2817 1028 2898 Baptismus
1045 2818 1121 2880 enirn
1137 2818 1202 2898 ipse
1219 2831 1304 2882 actus

79 2913 134 2976 ille
152 2930 240 2974 sacrm
256 2920 327 2984 eret,
344 2930 403 2992 qno
416 2908 577 2973 Christiani
593 2905 744 2969 inferioris
761 2903 873 2968 ordinis
890 2907 928 2967 ad
944 2905 1078 2968 altiorem
1095 2904 1304 2981 evehebantur,

79 3012 109 3064 et
129 3018 221 3060 secra
237 3017 331 3078 ¹caetra
350 2998 449 3078 ipsum
468 2996 587 3078 epulum
606 2994 679 3054 illud
695 3002 839 3067 summum,
862 3013 920 3073 quo
940 2992 1049 3056 nemini
1067 2991 1310 3056 Christianorum,
1413 2999 1417 3006 '

78 3086 142 3150 frui
166 3084 275 3146 licebat
296 3083 354 3146 uisi
378 3083 462 3164 prius
490 3103 541 3165 per
565 3080 738 3162 Baptismum
763 3078 980 3141 christianismo
1002 3080 1145 3142 esoterico
1168 3080 1304 3144 initiatus

79 3183 175 3239 esset.
214 3171 321 3234 Nonne
348 3191 420 3251 ergo
446 3168 617 3232 necessario
640 3168 714 3229 haec
735 3177 920 3229 sacramenta
939 3167 972 3246 ia
993 3165 1121 3231 ecclesia
1141 3165 1304 3232 christiana

11 3319 12 3322 ,
79 3262 211 3328 eundern
236 3277 376 3340 prorsus,
403 3279 488 3341 quem
512 3258 590 3322 iutra
613 3255 777 3335 religiones
793 3274 927 3336 paganas
952 3255 1091 3337 mysteria
1109 3256 1303 3338 occupabant,

79 3350 184 3422 locum
214 3347 345 3410 obtinere
380 3348 541 3429 eodemque
570 3365 636 3408 curn
660 3342 722 3405 illis
746 3362 840 3407 censu
865 3337 1181 3408 reuire‘sidebautur‘t
1223 3344 1309 3423 Quid

80 3432 199 3500 multati
226 3442 411 3497 sacramenta
435 3440 566 3509 nomena
590 3433 774 3506 factasunt,
797 3432 828 3493 b.
846 3451 873 3494 e.
897 3433 1100 3514 mysteriorum
1119 3438 1193 3497 notio
1210 3431 1242 3492 in
1267 3452 1303 3496 ea

38 3517 40 3521 ⁴
79 3521 227 3587 translata
251 3523 341 3602 est')
359 3554 404 3568 —
424 3521 451 3605 ξ.
471 3519 523 3581 10.
551 3520 636 3596 Quae
654 3519 704 3578 hic
728 3537 766 3578 ex
788 3517 883 3598 ipsius
907 3520 951 3579 rei
968 3530 1073 3581 nutura
1092 3518 1303 3596 conclusimus,

80 3613 188 3675 eadem
201 3608 326 3672 historia
342 3628 457 3691 quoque
472 3604 640 3668 luculenter
656 3612 787 3666 testatur.
815 3604 887 3665 lude
901 3604 978 3666 enim
990 3606 1028 3667 ab
1040 3625 1075 3665 eo
1086 3605 1151 3685 ipso
1163 3613 1303 3684 tempore,
1380 3621 1393 3666 ῑ

78 3697 197 3781 quoin
215 3697 309 3779 priua
327 3697 585 3760 catechumenatus
603 3689 732 3772 uestigia
753 3689 943 3768 incurrimus,
969 3692 1056 3755 ctiam
1075 3691 1155 3756 clare
1171 3688 1303 3754 notionis

58 3769 167 3849 'itlius
189 3793 437 3849 sacramentorum
462 3780 704 3856 christianorum,
729 3779 765 3839 de
791 3798 849 3859 qua
872 3781 958 3842 modo
983 3779 1116 3860 egimus,
1143 3789 1308 3861 suppetunt¹

78 3872 314 3953 documenta.'*)
338 3869 458 3938 ¹'l'estis
482 3868 708 3955 antiquissimus
731 3874 778 3929 est
801 3867 937 3931 lustinus
960 3867 1084 3950 Martyr.
1116 3867 1301 3950 Baptismuur

79 4010 284 4026 *nunna-’w

151 4077 180 4145 *)
200 4076 298 4132 tumn
315 4075 391 4129 Pauli
405 4075 522 4145 Apostoli
543 4073 576 4127 ad
594 4072 690 4141 Epiros.
710 4074 736 4140 5,
753 4074 798 4130 st.
818 4073 851 4125 nd
870 4074 1052 4128 stabiliendam
1069 4075 1136 4128 benc
1154 4087 1304 4127 munumen-

79 4154 168 4202 menn
189 4147 406 4199 existimationem
427 4145 544 4197 uounibil
563 4142 720 4209 contulisse,
748 4160 777 4195 re
798 4158 832 4195 ex
850 4145 986 4196 momentis
1006 4145 1136 4197 historicis
1158 4144 1302 4211 dijudicate

78 4230 255 4360 &Uirili
268 4215 500 4350 :iiiilesvlqdriirliir
518 4278 802 4333 beechristieuorum
820 4281 907 4348 opinio
925 4281 1013 4334 latuit.
1049 4279 1114 4333 Nem
1132 4281 1183 4348 ipsi
1200 4293 1301 4348 qunque

78 4354 301 4406 christianismum
320 4368 367 4420 pro
387 4352 475 4418 utique
493 4364 616 4401 novomm
633 4349 817 4413 mysteriorum
834 4351 922 4418 specie
941 4351 1081 4402 habebant.
1118 4348 1214 4401 Eodem
1234 4349 1300 4415 lere,

78 4437 131 4491 quo
150 4421 269 4474 lustinus
282 4419 361 4474 hlart.
381 4420 500 4485 florebat,
520 4423 636 4485 tempore
653 4414 787 4469 Lucienus
798 4419 984 4473 samosatenus
1001 4419 1046 4481 (de
1059 4425 1143 4470 morte
1155 4416 1299 4483 Peregrini,
1375 4451 1379 4459 ·

78 4507 107 4560 Ρ.
124 4491 178 4549 272
194 4507 217 4543 s.
236 4489 310 4544 Tem.
321 4488 392 4542 l'lll.
411 4489 477 4560 0pp.
496 4487 539 4543 ed.
557 4485 675 4556 hipout.)
696 4484 728 4540 dn
747 4485 904 4544 cubante
921 4489 988 4546 hene
1004 4486 1110 4542 scribite
1133 4482 1192 4542 Τὸν
1209 4480 1307 4558 piger.

127 4576 195 4636 usu.
206 4573 311 4627 eumue.
321 4573 469 4619 euacua
1020 4633 1025 4640 .
1053 4572 1098 4640 24
1394 4567 1398 4576 ’
