3067 5075
700 1121 929 1207 xmffle
1053 1252 1064 1261 .

200 1276 205 1362 ss
283 1341 522 1456 Theopb.
561 1340 816 1457 Schlegel
853 1341 907 1429 de
944 1366 1169 1457 agaparum
1206 1352 1349 1426 aetate

664 1479 957 1595 ammmh

202 1710 207 1717 ⁸
294 1730 418 1794 Animus
441 1728 528 1791 uobis
552 1738 617 1805 est,
641 1738 727 1792 totam
752 1732 789 1791 de
813 1729 921 1810 agapis
945 1729 1121 1803 doctrinam,
1151 1739 1180 1789 et
1203 1747 1283 1790 onoc
1307 1727 1427 1810 quiden

90 1810 92 1814 ¹
209 1819 410 1902 quaestionem
423 1819 459 1879 de
476 1823 571 1881 aetate
586 1836 689 1881 aarum
704 1816 868 1899 apostolica
881 1839 1062 1901 proponere,
1085 1827 1119 1880 ut
1140 1816 1235 1880 altera
1254 1815 1425 1895 scriptione,

209 1909 236 1969 si
252 1909 368 1989 quando
385 1905 472 1968 nobis
489 1905 555 1988 ejus
572 1906 689 1969 occasio
705 1917 854 1982 nascetur,
870 1927 1051 1988 exponamus
1067 1905 1257 1985 interpretum
1271 1903 1374 1985 narius
1387 1906 1426 1965 de
1486 1912 1493 1923 '

209 1995 388 2077 temporibus
405 2014 441 2057 ac
460 1992 633 2073 ceremoniis
650 2002 679 2056 et
704 1994 820 2074 origine
836 2006 999 2076 agapardm
1018 1993 1172 2073 opiniones
1195 2004 1283 2074 utque
1300 2002 1427 2055 ιιιιοι-

177 2155 179 2158 ,
209 2083 283 2160 tias;
307 2094 344 2161 et,
369 2082 395 2144 si
414 2103 461 2145 ros
479 2103 513 2144 eo
529 2080 673 2159 deveniet,
697 2080 799 2164 aliqua
816 2081 892 2145 forte
909 2083 993 2145 tertia
1010 2093 1138 2143 nosbsm
1154 2081 1287 2161 ipsorum
1302 2077 1425 2159 aperit·

202 2192 286 2253 lmus.
317 2172 382 2237 Hoc
398 2171 463 2232 loco
481 2172 627 2251 quandam
643 2171 728 2252 quasi
745 2190 907 2250 agapamm
922 2169 1119 2233 definitionum
1135 2167 1367 2250 praemittemus,
1382 2176 1425 2245 ιι,

208 2280 321 2322 worma
338 2259 380 2321 rei
399 2257 559 2320 hroritera
575 2257 660 2319 uobis
683 2257 780 2335 dicte,
803 2256 980 2340 inpartibus
1005 2257 1070 2340 ejus
1091 2255 1305 2338 persequendis
1321 2252 1425 2319 ordire

178 2364 183 2375 ‘
209 2358 268 2409 tam
286 2356 373 2427 queat
390 2342 546 2427 disputatio
563 2353 664 2421 nostru
681 2346 851 2426 procedere.
944 2388 949 2425 ,

296 2437 428 2513 agapae,
454 2431 627 2494 vocabulum
644 2451 803 2513 graecum,
827 2436 904 2514 quod
920 2439 1053 2495 coritotm
1070 2430 1187 2513 proprie
1205 2432 1340 2511 denotat,
1361 2430 1424 2513 jan

208 2519 278 2584 iudo
293 2543 311 2584 a
327 2521 421 2603 primo
437 2518 645 2584 christianismi
664 2529 792 2602 tempore
815 2520 912 2602 eoepit
934 2517 1069 2601 usurpari
1093 2541 1145 2601 pro
1161 2517 1323 2597 consitiis,
1343 2537 1425 2601 qnae

208 2609 317 2672 fiebant
340 2608 372 2670 ia
397 2607 587 2672 conventibus
611 2608 756 2672 ecelesiae
781 2608 827 2672 rel
852 2607 883 2669 in
909 2610 1086 2689 privatorum
1108 2607 1262 2684 domibus,
1287 2616 1354 2669 ante
1379 2605 1423 2670 rel

209 2695 295 2759 ctiam
318 2704 384 2777 post
406 2695 601 2759 eucharistiae
625 2695 868 2775 celebrationem,
892 2697 974 2759 lrnris
997 2696 1071 2778 ipsis
1095 2695 1271 2776 vespertinis
1292 2704 1345 2756 eut
1366 2715 1422 2755 ιο·

210 2784 340 2863 cturais,
365 2784 479 2866 quibus
493 2783 624 2847 instituto
642 2797 688 2847 est
703 2805 796 2847 coena
809 2784 975 2862 dominica,
999 2781 1045 2845 nol
1068 2783 1254 2846 antelucanis
1279 2781 1425 2862 cacabus,

208 2872 316 2935 amoris
334 2872 424 2934 mutui
442 2882 470 2934 et
485 2870 606 2935 fraterni
630 2886 803 2954 argumento
827 2883 913 2954 atque
935 2871 1139 2950 incitamento,
1164 2873 1242 2934 unde
1266 2870 1333 2951 ipsa
1348 2889 1425 2932 cou-

209 2958 285 3022 niria
310 2958 426 3022 noroioe
451 2980 613 3042 agaparuru
637 2962 714 3024 dicta
738 2972 816 3023 snat.
855 2960 1033 3041 Interprctes
1056 2958 1167 3039 antiqui
1191 2969 1219 3021 et
1234 2957 1426 3036 recentiores,

208 3056 330 3128 excepto
350 3069 408 3109 noo
426 3059 454 3109 et
470 3047 571 3125 altero,
589 3068 691 3111 omues
707 3052 808 3111 eadem
825 3048 916 3110 lerme
932 3047 1056 3128 sparsim
1072 3049 1108 3108 do
1123 3047 1230 3126 agapis
1245 3065 1424 3116 commerue-

208 3146 273 3198 rant
291 3136 388 3198 eterit
406 3156 512 3215 operae
530 3137 652 3217 pretium
670 3157 723 3217 per
738 3136 858 3216 singola
876 3137 971 3197 eundo
986 3155 1126 3198 revocare
1142 3136 1372 3216 unumquodque
1385 3136 1427 3198 ud

208 3222 345 3286 historiae
362 3234 470 3284 certam
487 3221 583 3284 iidem.
623 3225 690 3285 Duo
710 3223 817 3302 igitur,
842 3243 919 3304 quae
942 3222 1027 3285 nohis
1049 3222 1096 3285 hic
1112 3220 1278 3300 sulliciant,
1303 3218 1426 3284 elihris

206 3310 244 3373 N.
262 3310 302 3371 Τ.
320 3309 385 3371 loca
403 3308 606 3384 excitabimus,
623 3331 698 3390 quas
716 3310 826 3391 primos
843 3311 1026 3373 Christianos
1045 3309 1240 3372 eucharistiae
1259 3309 1426 3374 communi-

208 3415 294 3458 casse
311 3398 434 3477 probent
449 3395 588 3459 institutis
613 3397 696 3479 prius
715 3397 827 3478 epulis,
853 3419 947 3480 quas,
972 3409 1005 3460 ut
1021 3399 1129 3460 dictum
1146 3404 1206 3470 est,
1230 3417 1345 3478 agapes
1366 3395 1425 3479 ipsi

208 3505 324 3565 quoquc
349 3483 536 3545 nominarint.
575 3485 622 3546 Ex
647 3485 740 3567 prima
765 3484 851 3549 Pauli
874 3489 911 3547 ad
931 3486 1098 3554 Corinthios
1121 3484 1246 3566 epistola
1269 3484 1426 3563 discimus,

207 3581 358 3634 assumtos
374 3571 472 3633 fuisse
488 3572 581 3650 eibos,
606 3584 761 3655 autequam
777 3595 869 3636 coena
887 3573 1033 3636 dominica
1048 3575 1248 3655 praeberetur,
1266 3584 1294 3634 et
1310 3572 1374 3634 ine
1397 3572 1407 3588 '

119 3665 140 3684 ‘
206 3657 283 3721 stola
298 3661 390 3722 ludao
417 3680 521 3722 nomeu
546 3660 674 3723 occurrit
695 3682 875 3744 agapornm,
901 3664 977 3741 quod
1001 3661 1066 3723 sine
1090 3661 1179 3723 dubio
1196 3663 1231 3722 de
1248 3658 1309 3721 illis
1325 3592 1426 3742 ep&

203 3746 429 3827 intelligendum
446 3759 499 3810 est.
536 3748 736 3812 conferebant
753 3759 782 3811 et
796 3747 956 3831 symbolam
972 3749 1008 3809 ad
1026 3749 1080 3812 has
1096 3768 1205 3811 coenas
1221 3750 1339 3827 dabant,
1353 3747 1426 3829 oui-

206 3836 262 3896 bus
280 3844 359 3910 erat,
383 3838 460 3897 uude
479 3845 621 3915 posseot3
645 3858 737 3918 aqna
755 3836 911 3897 collatione
929 3856 1074 3917 pauperos
1092 3836 1158 3917 ipsa
1175 3836 1339 3900 necessitas
1354 3835 1425 3910 epi-

206 3923 314 3984 mebat.
345 3921 546 4002 Reprehendit
562 3945 635 4005 ergo
652 3924 764 4002 Paulus
781 3945 816 3984 eo
833 3923 949 3984 nomine
959 3923 1126 3985 corinthios
1128 3925 1240 4026 ,quod
1257 3917 1361 4004 qiam
1362 3943 1426 4000 pne

207 4031 308 4072 omues
326 4030 418 4072 coena
434 4032 511 4074 roser
505 4012 677 4088 deberent,
694 3995 814 4072 ditiores
826 4013 904 4091 apud
918 4010 988 4073 illos
990 4011 1164 4093 ,proprinro
1175 4010 1301 4094 quisquo
1313 4011 1426 4089 οἰιιι,

149 4161 153 4168 ,
206 4119 292 4181 quem
309 4101 394 4160 domo
410 4097 521 4161 lautum
539 4099 715 4172 attulissent,
731 4098 856 4160 seorsim
873 4120 892 4161 a
907 4099 1087 4181 pauperibus
1105 4102 1299 4175 comederent,
1312 4098 1426 4180 quilius

201 4187 328 4264 interes,
348 4189 416 4255 dane
430 4186 488 4267 ipsi
506 4189 579 4249 hene
599 4208 633 4248 ac
650 4186 776 4248 libenter
792 4186 971 4264 victitarent,
996 4188 1186 4252 esuriendum
1202 4197 1283 4250 osset
1297 4186 1426 4253 fortiter.

202 4275 272 4337 Non
288 4276 374 4337 inodo
391 4285 487 4339 autem
506 4273 640 4335 ditiorum
663 4273 748 4335 istam
774 4275 1015 4339 consuetudinem
1034 4284 1113 4339 taxat
1128 4273 1296 4357 apostolus,
1321 4293 1428 4340 verum

207 4421 242 4432 ...-

277 4449 656 4565 nmmmms
