3067 5075
228 223 294 295 mn
553 172 556 177 ’
597 216 747 287 mett.
789 217 826 285 e
843 217 881 287 e.
898 214 1089 287 nouum

230 400 364 486 spiritum
382 396 490 461 malurn
505 396 590 480 qnasi
608 406 714 461 exarat
736 394 922 478 luminisque
936 393 1064 461 ssimum
1087 390 1275 478 depurga),
1301 413 1362 475 qna
1380 410 1441 479 rect

229 492 338 575 pietate
353 488 485 550 homines
500 484 558 549 Dei
574 493 692 549 aeream
708 486 795 549 istam
812 494 984 567 pereunte·
1001 484 1149 549 inimicam
1164 493 1263 565 atquo
1278 481 1440 561 umeris·

231 576 421 643 e'ieerent*.

246 601 259 662 J
320 582 447 737 ltlodrls,
472 682 529 744 qno
554 670 673 742 peracta
696 660 803 737 luerit,
827 660 870 723 ita
892 659 1003 740 legitur
1017 662 1143 723 eundem
1160 661 1246 740 opud
1266 658 1440 739 scriptores:

232 753 339 833 „Quod
357 752 386 812 in
405 750 487 813 robis
503 749 637 831 adjurato
655 747 742 811 vestri
768 747 956 810 redemtionis
979 748 1096 813 nomiae
1118 747 1271 824 tarinae,
1296 748 1356 808 tor
1369 747 1442 808 ratri

148 881 157 892 -
234 841 332 903 cordis
351 838 530 901 scrutatione
548 848 576 898 et
594 835 839 899 contribulatione
861 836 1014 918 conplete.
1052 837 1113 899 Nos
1136 836 1288 917 precibus
1307 836 1347 897 ad
1363 834 1442 895 Dera

173 989 184 998 ,
234 940 262 992 et
286 926 540 1009 increpationibus
563 924 714 987 inveterati
737 923 834 986 bustis
850 925 926 986 dolis
948 924 1133 1000 resistimus,
1158 945 1212 987 ros
1230 922 1313 985 rotis
1329 933 1356 983 et
1372 921 1444 983 nestri

179 1054 183 1057 -
233 1016 331 1079 cordis
356 1013 530 1076 contritione
553 1012 717 1093 persistite,
751 1022 782 1073 ut
813 1011 955 1092 eruamini
980 1014 1017 1073 tle
1039 1022 1183 1093 potestate
1211 1013 1443 1074 menbranae

233 1099 973 1182 bmfflmmmmrfflmmdmmmnjm“ffi.

323 1187 466 1267 Quamvis
490 1198 586 1249 autern
605 1188 701 1249 etalii
724 1187 814 1269 liujus
830 1186 941 1268 periodi
960 1186 1189 1268 scriptores***)
1214 1205 1386 1249 sermonen
1399 1185 1444 1245 ls-

233 1281 324 1342 beant
347 1278 385 1341 ds
408 1274 573 1337 exorcismo
596 1277 719 1357 ejusque
746 1275 901 1337 exercendi
926 1286 1039 1356 tempus
1063 1296 1081 1337 a
1105 1274 1212 1339 concil.
1241 1271 1442 1337 Bracari„

234 1387 262 1429 c.
279 1367 308 1428 l.
325 1363 428 1444 viginti
446 1363 475 1423 in
493 1364 555 1425 dies
573 1363 776 1425 constituitur:
800 1373 869 1425 suut
885 1373 981 1426 tamen
998 1362 1161 1440 formulae,
1179 1364 1297 1444 quibus
1315 1363 1389 1424 ltttso
1403 1379 1443 1421 ee·

233 1451 394 1515 numenium
412 1462 480 1513 tnnc
498 1450 683 1528 celebrarint,
701 1451 788 1530 plane
802 1452 888 1512 nobis
903 1452 1031 1531 ignotae.
1052 1451 1195 1515 Baldui
1207 1451 1332 1529 nns†)
1347 1448 1443 1509 forne·

233 1542 294 1602 laur
310 1539 466 1605 etiamnum
485 1539 514 1599 in
531 1536 660 1600 ecclesia
675 1539 813 1601 Romana
827 1538 984 1603 exorcismi
1001 1538 1149 1617 usitatam,
1171 1542 1256 1620 apud
1274 1538 1442 1618 oportun

234 1628 290 1707 M,
307 1627 426 1702 ubist)
443 1626 517 1688 ltaee
533 1626 721 1688 inveniuntur
736 1627 846 1688 verba:
867 1626 962 1703 .„Vos
980 1626 1187 1707 rebaptizando
1205 1623 1385 1691 exorcizatis
1399 1624 1441 1683 lt-

234 1717 340 1780 minem
357 1710 472 1776 fidelem
492 1724 520 1775 et
536 1713 634 1775 dicitis
652 1714 715 1774 Deo
733 1713 893 1777 habitanti:
910 1712 1093 1788 „maledicte
1110 1715 1157 1777 exi
1174 1715 1262 1777 foras
1273 1718 1306 1789 ,“
1323 1733 1357 1775 se
1372 1729 1441 1789 repe·

234 1805 311 1867 risse
333 1803 484 1885 judicarit.
525 1801 654 1865 Seduni
678 1800 753 1863 baec
778 1800 852 1863 dixit
866 1800 1084 1866 lllileritanus‘l
1117 1801 1244 1865 Minime
1263 1796 1440 1883 prolectolis,

235 1912 309 1974 quos
333 1889 446 1971 gremio
468 1889 498 1950 in
525 1909 580 1951 sun
598 1889 741 1957 catholica
758 1899 916 1969 exceperat
932 1889 1080 1967 ecclesia,
1103 1893 1154 1953 sed
1179 1890 1249 1953 istis
1266 1888 1383 1970 potins,
1401 1883 1442 1964 qni

235 1977 1441 2059 Dwmmmmffimmummmnwmffifitfflwfflmmw

235 2068 398 2148 vituperat,
425 2069 502 2148 quod
527 2063 618 2129 semel
637 2065 800 2147 baptizatos
824 2066 1022 2147 rebaptizent,
1047 2066 1134 2127 etiam
1151 2064 1335 2129 exorcizatis
1353 2078 1439 2122 nomn

235 2146 1452 2237 mmmmnmfflmmffimmbmmmmmnfflfflmbmmmmm‘

236 2242 454 2305 serrationibns
474 2236 554 2303 exire
569 2242 702 2320 jubeant.
740 2239 919 2303 adhibuisse
942 2241 1036 2321 igitur
1050 2253 1080 2305 et
1097 2240 1271 2304 Catholicae
1290 2237 1437 2303 haeretice

234 2353 300 2394 rum
318 2331 407 2391 rerba
425 2328 455 2389 in
474 2327 655 2405 exorcismo,
681 2328 731 2390 rix
753 2328 929 2390 concludere
948 2338 1042 2410 potus.
1082 2330 1193 2393 Fontes
1211 2330 1239 2391 si
1263 2324 1437 2391 torunlnrnn

236 2419 320 2480 adire
337 2415 420 2493 relis,
445 2413 499 2477 lias
518 2427 651 2497 premunt
667 2414 784 2477 silentio
802 2432 898 2498 neque
914 2420 1004 2480 verbo
1021 2436 1088 2496 ess,
1106 2439 1180 2500 quas
1197 2428 1331 2501 tempore
1346 2415 1436 2477 saltt-

236 2514 343 2589 quente
361 2503 533 2567 constitutas
551 2503 672 2579 ridebis,
689 2505 854 2585 adtingunt.

276 2635 278 2640 -
325 2594 349 2655 Α
374 2592 596 2674 competentium
622 2605 718 2654 autern
745 2593 890 2673 baptismo
915 2613 952 2654 ex
977 2592 1138 2672 gentilibus
1162 2593 1435 2657 escheiriacum

236 2701 354 2765 qunque
380 2680 518 2761 parrulos
534 2680 691 2760 Augustini
717 2681 893 2756 doctrinam,
919 2683 1093 2762 deprecato
1119 2683 1295 2761 praesertim
1321 2672 1436 2756 seipas
1475 2727 1483 2756 ,

237 2769 393 2840 transiisse
413 2791 506 2850 eaque
523 2771 559 2831 de
578 2789 669 2832 causa
687 2790 823 2849 magnam
840 2779 953 2843 aetate,
980 2789 1066 2849 quam
1085 2768 1309 2850 descripsimus,
1328 2759 1436 2829 aarum

238 2869 325 2920 tatem
345 2857 501 2920 exorcismi
525 2857 611 2920 ritum
636 2857 817 2935 obtinuisse,
843 2870 1063 2922 extracturum
1087 2856 1214 2939 positum
1236 2869 1286 2922 est
1309 2856 1436 2931 trenno·

182 3020 184 3024 7
237 2945 346 3009 tionem
358 2948 422 3025 Γ).
721 2953 728 2962 ”

327 3034 438 3108 Restat,
457 3043 488 3095 ut
504 3036 625 3096 verbum
641 3023 784 3096 addarirus
803 3034 838 3095 tle
856 3030 1022 3102 exorcismo
1041 3031 1121 3110 circs
1136 3033 1333 3116 corporaliter
1347 3031 1435 3090 obses·

237 3142 299 3186 ses.
338 3123 517 3202 Comprobat
541 3123 626 3184 etiam
651 3121 855 3200 Augustinus,
889 3119 1046 3184 exorcismi
1073 3123 1218 3203 quondm
1241 3124 1319 3186 duas
1342 3116 1435 3180 sltttttl

190 3235 197 3241 ·
238 3208 400 3273 exstitisse.
438 3208 631 3288 „Spiritus,“
654 3209 824 3286 inquit†**)
850 3241 893 3254 -··
916 3207 1129 3285 „imrnnndns,
1153 3221 1296 3290 quantum
1312 3201 1434 3279 intellige

236 3298 356 3358 duobus
374 3295 467 3356 modis
490 3295 631 3375 appellari
657 3293 750 3368 solet,
776 3294 819 3357 rel
838 3292 907 3372 ille,
935 3296 983 3377 qui
1001 3298 1185 3360 extrinsecus
1202 3292 1434 3364 inlitteratus·

238 3404 404 3463 sensusque
422 3386 576 3445 conturbat
592 3391 621 3445 et
645 3384 798 3464 querndarn
816 3383 983 3450 bominibus
998 3384 1086 3447 inlert
1107 3386 1254 3462 lunarem,
1276 3384 1328 3450 cni
1349 3376 1434 3446 ertltr

184 3470 1434 3553 'dmmmmmmmmmmmmumwmmmmew

239 3560 337 3622 divina
355 3580 420 3621 eura
437 3560 600 3641 adjurando
618 3559 776 3641 expellere.
801 3560 891 3622 dliter
906 3572 1004 3625 autem
1020 3560 1125 3624 dicitur
1141 3562 1262 3640 spiritus
1278 3555 1432 3624 immundas

172 3643 1432 3731 1οωὴωώηὼωωωὴᾛαωωῇωὼωῇηωωωῢ

238 3736 329 3799 oflicii
346 3739 432 3799 datae
449 3758 540 3820 snpra
555 3750 672 3801 nostrae
693 3739 766 3801 bene
783 3734 929 3819 congruit.

238 3882 461 3897 m

309 3957 338 4013 *l
360 3957 398 4010 lle
419 3959 520 4010 civitat.
542 3959 589 4012 Dei
610 3961 653 4023 tt,
671 3963 716 4018 22.

308 4023 350 4090 ”l
370 4028 487 4109 Serrano.
508 4029 570 4083 2lb.
590 4031 621 4081 sd
641 4030 804 4097 competent.
823 4029 849 4082 b.
886 4028 924 4082 De
943 4031 1027 4085 srrsb.
1047 4032 1079 4084 ad
1097 4029 1250 4086 Cutsobu.
1268 4034 1296 4099 t,
1312 4033 1340 4086 ’1.

293 4097 374 4152 m,
394 4096 454 4148 vn.
476 4114 517 4165 sp.
538 4099 697 4159 aeneam
716 4097 775 4149 vn.
795 4101 821 4161 t,
842 4095 884 4162 to,
903 4101 930 4152 n.
952 4084 979 4166 t.
998 4097 1025 4152 s.

306 4167 546 4302 eertum.
564 4165 788 4302 necnec:
1067 4185 1094 4238 t·

308 4304 384 4368 †l·†)
407 4303 471 4356 lbid.
491 4305 516 4365 l,
530 4306 562 4358 ’2.
583 4321 608 4372 p.
627 4306 655 4358 3.
674 4308 701 4367 2,
719 4306 764 4361 21.
785 4322 812 4373 p.
831 4305 862 4362 tt
881 4320 921 4373 sn.
940 4306 967 4372 t,
986 4306 1014 4362 3.
1033 4322 1060 4376 p.
1078 4307 1122 4366 82.

308 4371 358 4439 †⁴)
379 4373 496 4424 Sermon.
514 4372 575 4428 216.
594 4373 620 4424 in
639 4375 681 4426 dis
699 4375 790 4442 pescli.

308 4439 377 4510 †**)
398 4442 435 4506 lle
453 4443 525 4496 bret.
543 4446 609 4509 vite,
627 4459 655 4512 p.
672 4439 735 4501 2285
802 4463 807 4471 ·
