3067 5075
303 290 339 356 ris
354 289 412 355 ritu
428 277 592 376 sepcii'eodi
607 274 1105 377 nmnosspiuoti‘oiriuimos.
1241 279 1310 353 845

84 467 304 555 praemicarent
325 456 475 553 pontifex,
498 470 560 553 'qui'
577 460 630 553 pro
653 478 783 552 tempore
802 467 909 545 fuerit,
935 456 1150 530 suscitarunt<
1176 460 1255 527 ‘lt'em
1275 460 1309 525 in

84 569 146 624 cito
163 562 278 622 Mcoioi
293 565 396 641 prinei:
420 558 505 641 „flio
524 559 658 640 pontifex
675 558 881 621 coemeterium
899 555 993 618 cunuti
1012 554 1126 633 Marci,
1149 552 1227 616 inter
1242 549 1308 614 rias

85 649 216 730 Appium
249 654 278 708 et'
302 647 504 724 Ardeatinam,
536 644 638 710 moitis
664 646 761 708 ruinis
788 657 1023 728 conquassatum,
1036 654 1128 725 utque
1153 639 1309 704 contritum

85 736 211 800 mirifice
227 735 390 798 construxit
405 755 441 797 uc
457 735 615 813 decorarit,
632 735 781 817 divinique
794 734 893 796 cuitus
910 731 1088 814 mysterium,
1105 732 1182 812 qnod
1199 726 1309 791 multos

86 847 144 907 per
161 836 322 906 temporum
339 843 447 888 cursous
464 825 653 901 discesserat,
668 821 827 886 restituit.⁸‘
859 821 935 901 Quis
952 818 1042 901 igitur
1052 839 1165 899 negare
1177 817 1309 893 audebit,

86 913 266 976 coemeteria
283 933 342 975 non
362 909 460 990 solum
479 911 555 975 idem
573 933 640 974 eum
664 909 802 974 ecelesiis
825 909 936 988 fnisse,
960 911 1013 972 sert
1032 906 1144 990 uiiqnid
1167 905 1308 988 amplius,

85 1022 178 1084 quam
205 1000 350 1063 eeclesiae
372 1004 521 1078 nrbuoue,
552 999 690 1082 sepulcra
714 998 830 1062 scilicet
849 996 1099 1071 Christianorum,
1131 1015 1207 1077 quse
1230 995 1309 1063 intre

83 1091 192 1152 urbem
216 1089 278 1150 tisri
302 1110 360 1150 uuo
387 1096 538 1174 poterunt,
565 1089 726 1166 habuisse,
751 1107 817 1149 unm
842 1086 872 1147 in
897 1086 935 1149 iis
959 1086 1103 1148 stutiones
1125 1095 1155 1145 et
1177 1084 1307 1166 synodos

84 1177 211 1254 heberi,
238 1178 432 1258 baptismum,
460 1177 659 1239 ordinutioues
685 1187 712 1238 st
737 1175 843 1237 missas
866 1173 1011 1237 celebrari
1044 1184 1073 1234 et
1099 1171 1221 1251 uigilias
1243 1170 1308 1232 tisri

85 1265 266 1328 rideamus?
293 1263 390 1346 Igitur
405 1276 506 1328 contra
520 1264 683 1346 aliquorum
699 1264 872 1326 sententium
888 1267 1074 1325 monesterium
1085 1262 1154 1336 feeit
1166 1261 1309 1323 mmmmm

85 1360 146 1416 sios
164 1356 319 1431 basilicam,
344 1356 420 1435 quod
439 1373 581 1434 expresse
600 1355 747 1415 Damasus
767 1372 843 1433 papa
859 1352 888 1411 in
908 1357 966 1413 cito
982 1354 1073 1412 roseti
1088 1353 1186 1410 Murci
1202 1354 1308 1428 Propon,

87 1442 139 1522 qni
160 1442 193 1504 S.
212 1441 363 1524 Spiuestro
382 1440 547 1503 immediato
564 1440 720 1516 successit,
745 1442 866 1521 exponit
884 1435 945 1501 siet
976 1435 1125 1515 „Murcus
1143 1455 1220 1517 papa
1237 1435 1309 1496 tor-tt

85 1529 235 1591 basilicas
259 1533 343 1606 dnus,
367 1550 456 1591 unum
480 1530 510 1591 in
535 1529 583 1591 riu
601 1529 770 1608 Ardeatino,
794 1527 825 1589 in
850 1546 908 1609 quo
932 1524 1065 1606 sepultus
1085 1531 1148 1601 est,
1171 1522 1260 1585 eiiam
1276 1522 1309 1584 in

86 1620 165 1679 urbe
184 1618 279 1679 Romu
292 1618 378 1697 juxta
396 1617 555 1679 Palatinas.
588 1616 635 1678 Ex
652 1618 743 1699 hujus
759 1615 955 1696 suggestione
973 1611 1185 1676 Constantinus
1201 1611 1309 1691 Augu·

87 1717 156 1767 stus
175 1703 278 1766 obtulit
298 1704 448 1782 basilicae,
470 1727 555 1789 qurum
577 1705 781 1767 coemeterium
800 1703 925 1765 institnit
943 1701 990 1764 uis
1008 1699 1165 1762 Ardeatino
1182 1701 1220 1762 nd
1237 1699 1309 1760 ion-

85 1795 158 1854 tium
178 1797 343 1856 rosarum.“
376 1793 415 1854 Et
431 1793 531 1874 punito
547 1792 641 1854 inira:
661 1792 805 1870 ‚Marcus
821 1813 897 1873 pupa
913 1789 1041 1852 nuntiens
1060 1787 1198 1868 sepultus
1217 1786 1308 1850 estin

87 1879 265 1943 coenueterio
284 1879 441 1956 Buiiriuue,
465 1880 514 1942 riu
530 1880 707 1957 Ardentiua,
732 1882 820 1960 qnod·
832 1879 898 1959 ipse
916 1877 1060 1939 insistens
1077 1876 1220 1938 iecerat.“
1250 1874 1308 1939 flio

69 1968 346 2047 ,animaduersione
367 1968 508 2047 dignum,
534 1952 694 2030 ecelesiam
708 1966 801 2046 iilauu,
827 1987 912 2048 quum
934 1977 1021 2027 unteu
1042 1963 1193 2025 ioasificum
1216 1982 1308 2024 rocu-

85 2069 182 2132 uerut‚
209 2056 384 2117 coemeterio
407 2055 516 2118 ibidem
541 2056 708 2134 constituto,
733 2077 791 2117 nou
815 2050 1135 2136 urrrpttmouctttmu,
1162 2049 1309 2113 communi

87 2143 208 2207 scilicet
225 2144 352 2219 nomine,
369 2145 422 2205 sed
441 2143 645 2206 coemeterium
662 2140 1002 2223 specialiuppoilutioos
1018 2138 1087 2200 ttici.

180 2231 254 2312 Cup.
274 2231 340 2293 ΧΙΙ.
375 2233 429 2294 De
456 2231 711 2295 coemeteriis
737 2231 850 2294 urhis
872 2231 1025 2293 Romus.
1062 2225 1217 2308 Ejusmodi
1237 2245 1308 2288 coe·

86 2320 279 2384 meteriorum
297 2319 399 2399 pinna,
422 2318 521 2401 qualia
540 2320 696 2382 etiamnum
714 2331 875 2382 cernuntur
891 2319 1022 2394 Romae,
1057 2315 1194 2387 suerunt,
1207 2314 1253 2376 rel
1277 2314 1308 2376 iu

86 2412 177 2490 topho
204 2409 403 2486 suburbano,
414 2406 534 2469 sacellis
552 2411 725 2491 quibusdum
749 2408 913 2490 adjunctis,
939 2414 1096 2478 excuratu,
1120 2403 1166 2465 rei
1186 2403 1218 2463 in
1234 2404 1309 2465 snb·

86 2495 235 2560 terraneis
254 2495 363 2579 cryptis
382 2494 550 2575 constituto,
571 2498 733 2578 exquibus
752 2497 781 2558 iu
800 2494 928 2578 antiquis
949 2491 1095 2558 ecelesiae
1112 2490 1307 2555 monumentis

85 2586 195 2647 horum
215 2584 390 2647 mentionem
413 2585 589 2649 invenimus.
635 2586 658 2648 Ι.
690 2584 903 2648 coemeterium
927 2582 1055 2645 omnium
1075 2580 1307 2644 uetustissimum
1359 2603 1362 2609 <

86 2673 281 2756 Ostriannm,
309 2672 355 2734 uia
375 2671 509 2748 Salaria,
537 2675 573 2734 ari
599 2665 714 2736 tortium
734 2676 772 2735 ab
797 2675 870 2734 urire
897 2670 1039 2752 lapidem,
1065 2670 1096 2730 in
1120 2691 1178 2752 quo
1202 2668 1307 2733 Petrus

85 2760 243 2843 apostolus
270 2760 437 2842 baptizasse
464 2760 579 2822 dieitur.
614 2761 659 2822 De
686 2782 742 2841 quo
768 2760 987 2841 protonotarius
1009 2767 1130 2821 sauctus
1155 2758 1309 2821 Romanae

79 2846 237 2912 <ecclesiae
264 2849 307 2927 (iu
328 2855 399 2910 notis
412 2852 522 2909 'hiberii
539 2870 631 2927 popae
646 2870 707 2928 nup.
725 2851 754 2909 3.
773 2839 837 2909 tono.
854 2854 879 2907 1.
899 2849 1054 2924 concilior.)
1074 2845 1191 2907 sicuti:
1211 2845 1309 2923 „Erat

84 2959 148 3000 nou
165 2936 254 3017 iunge
272 2956 290 2997 u
306 2934 463 2997 coemetrio
481 2935 621 2997 Nouoiiue
637 2938 674 2996 ati
693 2935 807 2996 tertium
825 2935 991 2996 milliarium
1008 2938 1045 2995 uir
1062 2934 1137 2994 urire
1153 2934 1199 2995 uia
1216 2933 1306 2996 Saia·

85 3027 134 3088 ria
159 3017 366 3085 coemeterium
393 3022 579 3099 Ostriuuum,
612 3023 662 3084 uti
680 3023 784 3085 Petrus
808 3022 960 3105 apostolus
985 3021 1173 3101 houpticuvit.“
1214 3021 1250 3085 tt.
1272 3021 1307 3088 C.

83 3112 263 3179 Vaticanum
287 3112 372 3192 juxta
399 3109 536 3191 tempium
557 3110 721 3188 Aponium,
749 3110 875 3192 Cajique
902 3120 930 3171 et
953 3109 1080 3171 Neronis
1108 3107 1234 3184 nircum,
1259 3109 1307 3171 ria

84 3200 257 3281 triumphali
277 3199 381 3275 sitnm,
403 3200 434 3260 iu
459 3197 552 3260 hortis
571 3198 766 3273 Neronianis,
790 3199 841 3260 uiti
862 3218 940 3258 nuno
965 3208 1009 3259 est
1032 3194 1157 3257 basilion
1176 3194 1209 3257 S.
1227 3195 1306 3257 Petri

83 3287 231 3370 apostoli,
261 3287 292 3348 in
323 3308 381 3364 quo
410 3289 533 3370 jacuero
559 3306 683 3367 corpora
711 3297 880 3350 sauctorum
903 3285 1102 3348 Romanorum
1129 3281 1306 3363 pontificum,

80 3374 185 3445 Petri,
208 3374 294 3449 Lini,
318 3373 409 3450 cleti,
432 3374 581 3453 Anaeieti,
607 3375 745 3451 Euaristi,
765 3374 859 3456 xysti,
884 3372 1072 3454 Telesphori‚
1098 3370 1219 3453 Hygini,
1247 3371 1305 3450 Pit,

81 3458 254 3537 Eleutheri,
270 3461 396 3522 Victoris
410 3471 439 3523 et
453 3462 587 3539 aliorum,
604 3465 761 3541 Damasus,
777 3462 926 3525 Martinus
939 3472 993 3522 etc.
1021 3460 1088 3523 Hoc
1100 3460 1312 3528 coemeterium¹

80 3548 179 3616 fontis
198 3547 292 3610 suncti
309 3548 388 3609 Petri
405 3559 489 3610 vocat
503 3549 579 3610 iiber
598 3549 767 3625 censuum,
793 3553 869 3631 quud
889 3559 1004 3631 praeter
1022 3545 1176 3629 sepulcro,
1196 3548 1305 3611 sontem

84 3658 206 3721 qnoque
230 3633 366 3715 baptismi
390 3637 494 3713 habet,
525 3637 574 3717 qui
594 3659 653 3699 uon
680 3638 815 3700 omnibus
840 3636 1024 3699 coemeteriis
1047 3635 1211 3698 communis
1234 3647 1306 3700 erat.
1359 3703 1362 3708 ,

83 3726 141 3789 111.
161 3724 194 3789 G.
212 3727 249 3787 nd
268 3723 427 3807 Nymphas,
446 3723 476 3785 in
493 3725 615 3806 praedio
633 3725 772 3803 Seuerus,
789 3725 836 3787 riu
853 3725 1045 3801 Nomentano,
1064 3723 1162 3806 lupide
1178 3725 1216 3786 ab
1233 3726 1305 3787 urbe

84 3816 165 3878 inter
185 3813 341 3894 septimum
366 3822 393 3873 et
417 3822 568 3892 octauum,
592 3814 622 3875 iu
644 3834 702 3894 quo
722 3812 837 3894 sepulta
856 3814 976 3875 fuorunt
993 3833 1117 3894 corpora
1137 3823 1305 3876 sanctorum

33 3978 41 3999 x
87 3912 255 3984 martyrum,
272 3900 556 3982 Alexandri'pupae,
576 3901 691 3965 Ereutii
710 3913 738 3962 et
754 3901 914 3978 Theodoti,
932 3904 1179 3984 presbyterorum,
1195 3901 1305 3984 Papiae

87 3989 231 4053 etMsuri
256 3988 397 4065 miiitum,
424 3988 586 4071 Aproniani
606 3990 713 4052 tribuni
739 4000 766 4051 ct
786 3989 922 4053 oliorum.
967 3990 1017 4053 lV.
1045 3989 1079 4053 C.
1097 4005 1196 4065 uetus,
1226 3993 1303 4071 quod

86 4088 191 4159 postea
215 4097 234 4138 u
257 4097 332 4157 papa
352 4076 476 4139 Gaiiisto
501 4077 686 4157 ampliatum,
712 4098 749 4141 ex
775 4078 839 4159 ejus
859 4078 974 4140 nomino
991 4077 1106 4140 Crrliisti
1126 4077 1304 4158 appeliatum

87 4176 140 4239 est,
165 4165 212 4228 riu
229 4165 333 4245 Appia,
359 4164 456 4246 lupide
474 4168 511 4226 ab
534 4169 607 4227 urbo
626 4169 777 4243 secondo,
801 4169 857 4228 sub
876 4164 1001 4228 basilica
1019 4166 1114 4236 suncti
1134 4164 1304 4229 Sebastiuni

85 4255 183 4330 situm,
203 4252 233 4314 in
252 4273 309 4333 qun
327 4252 448 4334 jacuero
467 4272 590 4332 corpora
610 4265 779 4316 sauctorum
798 4264 972 4337 martyrum,
987 4255 1185 4318 Romuuoonm
1206 4255 1305 4335 ponti·

85 4340 183 4418 ficum,
207 4339 332 4411 Aniceti,
351 4339 475 4416 Soteris,
499 4340 645 4417 Pontiani,
666 4344 775 4417 sutori,
794 4343 932 4420 Fabiani,
958 4341 1099 4413 Cornelii,
1117 4341 1214 4418 Lucii,
1232 4342 1305 4406 Sto.

86 4428 186 4510 pisani,
209 4428 294 4511 Xysti
312 4429 356 4504 ΙΙ.,
381 4428 528 4512 Dionysii,
552 4429 739 4514 Eutychiani,
760 4429 837 4510 Guji,
858 4429 982 4493 Eusebii
1002 4442 1031 4491 et
1047 4428 1201 4503 Miltiauis.
1233 4431 1303 4493 item
1363 4425 1374 4452 ‘

84 4526 251 4580 secutorum
269 4515 449 4597 sebastiani,
472 4515 634 4600 Caeciliae,
655 4518 816 4590 'tertullini
833 4518 1005 4604 presbytcri,
1025 4515 1156 4582 Nemesii
1175 4515 1304 4596 diarum,
