3067 5075
317 213 354 298 de
369 210 466 275 sacris
480 167 609 296 publicis
625 183 864 300 mentiare.
878 212 1010 278 studim
1026 212 1126 277 uultis.
1279 212 1327 298 ,ll
1388 241 1394 245 ·

108 383 178 449 siae
196 383 375 449 ubmstianae
389 385 582 451 hadamenta
596 377 790 468 ponebantur,
805 383 985 467 temporibus
1001 383 1083 448 multi
1099 404 1159 446 noa
1173 384 1259 448 modo
1275 403 1329 447 sa·

110 487 250 550 crorum,
283 494 302 535 a
326 473 460 556 patribus
484 483 686 554 acceptorum,
714 474 767 535 sed
791 472 886 535 omnis
910 471 1064 554 religionis
1089 472 1329 552 contemtores*),

111 581 235 646 qnoque
251 560 352 641 plures
370 564 409 624 ad
423 561 546 642 Epicuri
563 562 663 622 bonos
687 557 879 639 advolabant,
904 571 939 622 eb
965 559 1058 622 maior
1080 559 1112 620 iu
1134 555 1249 639 templis
1267 570 1330 622 erat

110 646 256 710 solitudo.
292 649 330 709 At
352 648 419 729 ipsa
441 656 546 712 natura
568 648 698 709 homiues
721 650 758 708 ad
782 645 956 727 religionem
981 646 1075 724 ducit,
1098 646 1224 728 ideoque
1246 643 1330 710 multi

110 733 326 813 Romanorum,
343 735 472 815 pertaesi
486 734 687 817 philosophiae
698 733 897 818 voluptatibus
910 732 1106 811 inservientis,
1123 753 1142 795 a
1155 732 1250 796 medio
1261 733 1330 796 inde

111 821 237 883 saeculo
254 824 385 883 seeundo
403 835 453 885 aut
466 821 583 885 Clrristo
600 842 705 884 nornen
723 823 841 899 dabant,
858 833 909 884 ant
925 823 961 883 ad
978 841 1064 884 sarra
1079 821 1182 902 patria,
1197 817 1329 901 Neupla·

108 909 276 971 tonicoruru
293 908 399 971 studiis
416 920 573 987 exornata,
599 909 887 988 revertebantur⁸*).
925 911 970 971 Ac
987 928 1076 989 saepe
1092 905 1237 968 inlocum
1255 926 1329 969 eou-

110 1003 222 1058 temtns
237 1016 334 1057 rerum
352 1016 501 1059 sacrarum
519 1016 578 1057 non
595 994 717 1076 religio,
735 995 794 1056 imo
810 994 994 1076 superstitio,
1014 1014 1107 1076 caque
1122 993 1239 1076 videndi
1254 985 1330 1056 eou-

110 1082 318 1163 trectaudique
332 1084 469 1161 studium,
498 1104 574 1165 qnae
587 1102 643 1144 neu
660 1080 756 1143 oculis
775 1082 855 1144 cerni
873 1103 928 1143 nee
946 1081 1083 1144 manibus
1098 1079 1179 1159 tangi
1195 1089 1330 1161 possunt,

111 1167 342 1248 suecessit**‚*).
361 1169 429 1234 Huc
445 1191 534 1252 quum
550 1172 725 1232 accederent
735 1169 839 1250 partim
850 1171 968 1231 decreta
977 1166 1132 1248 religionis
1142 1167 1330 1243 christianae,

58 1277 62 1286 ’
111 1268 146 1319 ut
163 1260 310 1318 decretum
328 1258 364 1318 de
379 1258 443 1322 Deo
460 1277 564 1339 preces
580 1256 728 1324 bominum
747 1256 936 1335 exaudiente,
953 1254 1122 1319 doctrino
1139 1276 1237 1317 rerum
1253 1256 1331 1317 diri·

112 1341 220 1405 narum
234 1343 405 1424 interprete.
425 1353 453 1405 et
475 1344 596 1424 generis
620 1342 738 1404 hnmani
763 1344 943 1419 redemtore,
968 1341 1071 1422 partim
1097 1353 1274 1422 commenta,
1299 1353 1330 1405 ut

110 1439 278 1493 comanente
295 1432 330 1510 de
346 1432 454 1492 mundo
472 1438 644 1508 senescente
661 1439 689 1491 et
705 1450 796 1510 prope
813 1429 941 1491 instante
957 1449 1054 1490 rerum
1070 1430 1262 1493 humanarum
1279 1430 1329 1491 in-

109 1514 249 1597 teritui)
282 1527 310 1582 et
335 1519 370 1580 de
394 1517 509 1579 Messio
536 1516 617 1579 brevi
642 1519 679 1577 ad
703 1516 940 1596 inaugurandum
970 1536 1093 1595 regnum
1118 1535 1204 1578 snum
1227 1538 1330 1581 rerer-

76 1665 80 1668 ,
109 1604 263 1684 snro††),
279 1603 377 1684 pietati
395 1603 518 1682 alendae
530 1604 648 1681 idonea,
660 1624 722 1693 pron
739 1603 843 1664 mirum
861 1613 914 1682 est,
931 1612 1045 1665 veteres
1054 1602 1244 1666 Christianos
1255 1601 1330 1667 totos

111 1689 212 1753 fnisse
227 1690 259 1750 in
275 1690 453 1753 meditandis·
464 1693 553 1753 rebus
571 1690 688 1753 divinis.
711 1690 812 1752 Pietas
828 1698 923 1751 antem
935 1689 1096 1770 praecipua
1111 1699 1209 1752 rernm
1225 1711 1330 1753 samo-

110 1798 178 1839 rum
204 1776 296 1839 studii
321 1798 412 1840 causa
433 1777 570 1840 habenda
594 1787 646 1841 cst.
683 1776 878 1854 Quaruenim
900 1778 985 1838 bomo
1010 1797 1143 1858 promere
1163 1780 1279 1842 studeat
1301 1787 1331 1842 et

109 1862 285 1943 significare
302 1885 425 1942 sensus,
448 1865 577 1928 animum
594 1864 659 1926 eins
677 1864 811 1927 erebrius
828 1866 989 1927 subeuntes
1007 1871 1035 1925 et
1051 1863 1157 1927 lortius
1173 1865 1329 1947 impellen-

110 1960 156 2012 tes
170 1972 184 2012 τ·
205 1950 257 2032 qni
281 1952 419 2014 sensibus
443 1972 461 2014 a
481 1973 578 2014 rerum
605 1950 768 2012 divinarum
786 1948 964 2031 rogitatione
979 1950 1165 2013 uenientibus
1191 1954 1329 2033 agitatur,

102 2058 173 2118 ,non
190 2047 285 2119 potest
301 2058 359 2098 non
384 2041 422 2100 ad
438 2059 523 2101 sacra
540 2038 677 2100 iacienda
692 2036 775 2116 lerri.
812 2034 878 2099 linc
895 2037 1025 2114 accedit,
1048 2039 1126 2118 quod
1142 2038 1275 2117 animus,
1297 2049 1331 2101 ut

112 2143 222 2204 corpus
235 2124 379 2203 morendi,
389 2124 430 2186 ita
443 2124 591 2206 cogitandi
604 2123 808 2205 sentiendique
820 2123 1049 2194 consuetudines
1063 2123 1196 2205 suscipit,
1214 2135 1242 2188 et
1254 2145 1330 2208 quae

112 2210 154 2271 iis
171 2212 347 2274 conueniunt
363 2221 392 2273 et
413 2215 593 2293 respondent
609 2211 693 2293 quasi
711 2210 823 2288 modis,
847 2213 884 2271 ad
899 2226 975 2290 ‘quos
1000 2209 1116 2272 animus
1131 2213 1238 2274 moveri
1256 2233 1331 2274 eon·
1417 2223 1420 2232 ⁴

113 2296 220 2374 suevit,
235 2307 323 2377 grata
338 2309 407 2360 sunt
423 2309 451 2364 et
466 2300 606 2363 incunda.
639 2298 790 2376 Quam'ob
807 2315 927 2359 eausam
943 2296 1077 2358 bomines
1093 2297 1143 2378 pii,
1167 2319 1242 2379 quos
1257 2321 1329 2362 seu-

112 2403 168 2445 sus
184 2405 202 2446 a
219 2387 308 2447 rebus
323 2384 430 2447 divinis
448 2385 597 2450 venientes
615 2387 718 2446 erebro
734 2384 884 2462 adliciant,
902 2383 999 2448 saeris
1016 2383 1162 2454 iaciendis
1179 2386 1330 2449 delcetan-

113 2480 171 2548 tur,
189 2471 325 2552 qnoniam
340 2472 465 2552 agendis
477 2472 515 2532 iis
527 2492 646 2551 sensus,
663 2471 752 2533 animi
767 2493 866 2534 eornm
880 2471 973 2532 modis
990 2472 1190 2550 consentanei,
1206 2473 1330 2556 ideoque

113 2557 193 2636 grati
210 2565 239 2619 et
253 2550 384 2635 iucundi,
401 2560 577 2621 excitantur.
609 2561 706 2639 Quaen
724 2559 841 2640 quidem
858 2558 993 2640 pietatem
1004 2569 1042 2642 nt
1058 2558 1217 2622 Christiani
1234 2562 1329 2640 saeris

105 2643 258 2710 ¹iaciendis
275 2644 468 2724 declararent,
493 2668 527 2710 eo
545 2667 660 2729 qnoque
677 2646 785 2708 lactum
804 2657 856 2725 est,
881 2648 957 2728 quod
972 2645 1111 2727 precibus
1127 2647 1285 2711 fundendis
1301 2658 1331 2711 et

186 2875 214 2943 *)
233 2894 257 2930 v.
271 2882 392 2930 ”Stnrelie‘
411 2881 560 2932 Geroliclrto
578 2880 915 2933 sustentamentis„
932 2891 1017 2934 “ntea
1031 2884 1232 2951 Jetrtendera,
1252 2889 1332 2940 send

113 2947 143 3064 {i
159 2961 185 3012 p.
205 2947 348 3066 1112-27.
376 2956 404 3000 et
421 2950 562 2999 Mundensis·
580 2951 780 3000 commentarius
800 2951 831 3000 de
852 2951 929 2999 rebus
950 2952 1085 3003 christian.
1112 2962 1172 3006 aute
1192 2956 1328 3010 Constant.

144 3049 152 3065 .
192 3050 199 3064 .
269 3030 281 3064 s
317 3052 324 3066 .
500 3064 507 3069 .

81 3108 87 3113 -
172 3030 227 3149 pil)
244 3032 339 3134 Muiios
351 3082 523 3137 Romanorum
542 3100 559 3135 a
576 3084 682 3135 saeculo
701 3083 760 3139 inde
772 3083 814 3142 ll.
833 3084 866 3137 ud
876 3083 989 3137 Deorum
1007 3088 1104 3145 cultum
1122 3105 1241 3143 reversos
1259 3091 1344 3161 esse,'
1369 3100 1371 3107 ‘

116 3151 193 3203 docet
210 3151 322 3203 omnium
341 3154 451 3204 maxime
472 3154 635 3219 philosophia
654 3151 857 3219 Neoplatuniea,
882 3155 977 3218 multos
995 3154 1090 3222 ubique
1112 3157 1226 3211 locorum
1244 3162 1330 3214 lauto·

115 3225 270 3282 resonem,
298 3220 371 3270 euius
390 3222 501 3272 decretis
527 3227 554 3271 et
577 3221 714 3287 disciplina
733 3222 839 3288 pietatis
862 3238 913 3273 non
931 3224 1055 3275 delectati
1075 3226 1186 3278 luissent
1202 3230 1327 3297 borsines,

114 3287 164 3337 nisi
185 3302 231 3337 eos
250 3286 333 3337 donno
352 3304 436 3354 rerum
456 3304 591 3339 sacrarum
609 3291 722 3340 studium
741 3290 863 3356 cepisset.
900 3290 950 3356 Qui
973 3293 1047 3360 plura
1067 3294 1117 3345 bue
1138 3296 1169 3346 de
1190 3313 1218 3348 re
1240 3300 1327 3364 legere

114 3354 195 3420 eupit,
216 3356 295 3406 adeat
312 3357 431 3405 Meinere
448 3359 577 3422 Beilrc'r'ge
595 3375 642 3406 zet·
663 3359 812 3407 Geeclriclrte
831 3359 879 3407 eleo·
895 3361 1013 3409 Denlurt
1031 3361 1077 3410 der
1095 3372 1180 3413 asten
1195 3367 1329 3419 eateten-

34 3457 38 3465 .
113 3422 187 3470 derio
211 3423 279 3471 uncle
301 3423 398 3472 Christi
416 3425 529 3488 Gedurt,
554 3426 583 3473 ire
603 3426 708 3489 einim
725 3428 946 3490 Betruodturrgea
965 3429 1029 3477 iiber
1054 3430 1097 3478 die
1119 3435 1329 3497 neaplemiaede

114 3483 287 3554 Philosophia
307 3495 338 3543 1..
360 3491 436 3547 1782.
456 3493 482 3543 8.
510 3499 537 3543 et
557 3494 642 3542 Keilii
666 3493 770 3545 dissert.
800 3494 831 3544 de
856 3496 943 3546 nausis
968 3495 1048 3547 alieni
1072 3496 1265 3556 Platonicorum
1287 3521 1329 3556 ro·

115 3558 257 3607 cantiorum
277 3573 292 3608 a
313 3557 437 3630 religione
457 3561 600 3611 christiano
620 3561 708 3612 unirni.
727 3561 759 3612 L.
781 3562 857 3613 1785.
876 3565 903 3614 4.
1207 3568 1210 3575 ”

44 3651 51 3659 ·
103 3658 111 3669 .
182 3616 242 3690 m)
262 3625 328 3676 llino
342 3633 405 3678 nutu
416 3628 596 3692 esttlreologia
609 3630 727 3695 mystica,
750 3630 824 3680 cuius
843 3632 955 3695 vestigia
972 3639 1015 3682 snt
1033 3631 1114 3685 multa
1134 3634 1160 3685 iu
1178 3626 1328 3705 scriptitent

117 3690 321 3744 Christianorum
342 3695 390 3760 (nl.
410 3696 549 3746 Moslremii
566 3690 749 3748 Comrnenturii
768 3699 800 3749 de
820 3698 898 3765 rebus
917 3699 1059 3752 Christian.
1082 3710 1142 3754 unte
1163 3704 1327 3763 Constantin.

116 3757 151 3810 ll.
171 3777 197 3827 p.
217 3761 267 3835 illl
286 3777 341 3842 sqop.
361 3778 387 3828 p.
407 3764 456 3815 659
475 3765 547 3830 sqq.)
565 3772 592 3815 et
610 3763 864 3835 Neoplntouieorurn‚
884 3767 965 3834 Celsi,
985 3768 1131 3838 Porphyrii,
1151 3771 1245 3827 Plotini
1264 3779 1350 3832 otio„

114 3842 221 3894 rumque
236 3837 410 3895 reperiuntur.
471 3889 475 3899 1
1099 3863 1102 3867 ’

164 3894 212 3976 03²)
231 3897 282 3961 „Si
300 3898 326 3948 in
344 3899 492 3963 habitaculo
509 3906 565 3964 tuo,
585 3899 649 3952 dicit
668 3901 814 3969 Cyprianus
831 3902 863 3954 da
877 3906 1036 3967 mortalitate
1056 3923 1082 3973 p.
1100 3909 1161 3963 236.
1180 3912 1326 3982 edPoria,

102 3971 230 4082 ‚ferretne
248 3972 380 4017 vetustate
402 3975 538 4035 nutarent,
558 3974 628 4020 te'ota
648 3970 758 4036 desuper
776 3977 932 4038 tremerent,
956 3975 1045 4025 domus
1065 3976 1116 4027 ium
1135 3977 1255 4048 fatigata,
1275 3985 1327 4036 iam

126 4047 201 4096 assa,
222 4033 350 4085 aediliciis
371 4043 506 4087 senectute
524 4037 683 4102 labentibus,
703 4040 803 4090 ruinam
824 4040 965 4105 proximam
982 4042 1135 4109 minaretur,
1155 4065 1238 4100 nonne
1259 4054 1327 4103 omni

115 4101 251 4152 eeleritate
269 4103 417 4167 migrares?
437 4131 470 4144 -
488 4124 523 4144 ‘-
542 4132 573 4144 -·
594 4104 704 4157 Mundus
723 4123 784 4157 eene
803 4115 878 4173 nutat
895 4117 922 4159 et
938 4111 1037 4162 labitur
1054 4119 1081 4163 et
1098 4113 1198 4169 ruinam
1216 4119 1256 4168 sui
1276 4136 1326 4170 non

115 4168 166 4218 iam
184 4176 319 4221 senectute
338 4186 440 4235 rerum,
460 4173 505 4223 aed
525 4172 575 4225 line
597 4181 717 4225 testatur.
754 4174 789 4226 Et
807 4183 836 4226 tu
855 4177 977 4229 non-Deo
999 4182 1097 4242 gratias
1118 4185 1188 4248 agis,
1211 4201 1259 4235 non
1277 4188 1326 4239 tibi

115 4228 266 4303 gratularis,
285 4240 351 4304 quod
371 4239 443 4290 exitu
461 4243 601 4308 maturiore
618 4242 777 4307 subtractus,
796 4245 879 4296 ruinis
897 4252 925 4296 et
942 4248 1085 4312 naufragiis
1101 4259 1128 4301 et
1145 4251 1229 4318 plagis
1245 4254 1327 4309 lutmi-
1422 4307 1426 4313 ,

115 4304 235 4357 uentibus
254 4308 407 4362 exuarisl“
429 4307 471 4358 (ll.
493 4308 651 4360 Tertulliani
667 4310 804 4377 apologet.
825 4329 849 4362 o.
869 4314 938 4366 39:

180 4374 236 4443 ᾗ)
255 4390 281 4430 v.
301 4376 400 4428 tustini
415 4377 547 4446 Martyris
566 4377 767 4444 Dialogns'ourn
785 4379 933 4455 Tryphone,
955 4401 981 4454 p.
1000 4386 1061 4443 tte.
1081 4386 1123 4437 ed.
1141 4385 1199 4441 Col.
