3067 5075
496 308 502 315 ·
534 269 572 333 de
591 256 819 367 Tradttoribns.
1113 214 1123 235 =
1214 265 1281 335 309

65 441 192 505 iomessis
211 461 248 502 co
270 442 321 505 die
338 444 467 504 noudum
486 442 573 523 plene
596 440 702 506 litteris
721 442 840 505 inerunt
859 452 987 519 exarato,
1013 438 1060 503 uel
1079 460 1117 504 ex
1136 440 1280 522 praefecti

65 531 204 593 uoluntate
216 528 400 595 Christianis
412 532 548 605 aduersu,
564 529 610 592 rel
627 524 746 593 tandem
756 529 868 592 ierente
884 529 925 591 ita
937 526 1072 606 tumultu,
1091 550 1176 609 quero
1189 529 1279 610 louge

64 620 212 681 maximum
236 617 355 694 fuisse,
381 620 534 698 sequentia
559 623 649 682 rerba
671 618 744 681 satis
761 618 929 680 luculenter
947 618 1083 697 produnt.
1127 617 1190 678 Jum
1209 638 1278 680 rere

65 708 95 769 ad
106 704 286 769 Diocletiani
300 706 532 788 persecutionum
546 709 623 788 qood
637 716 759 787 spectat,
774 706 923 786 proprium
937 715 1014 766 certe
1026 713 1114 784 atque
1127 704 1278 784 peculiare

64 793 161 854 malum
180 789 269 854 illius
295 804 374 867 erat,
399 795 475 874 qood
496 815 533 856 ex
551 794 734 876 imperaturis
753 792 901 869 uoluntate
925 812 1025 854 omnes
1044 791 1279 855 Christianorum

62 879 122 940 libri
146 881 226 942 sacri
246 883 288 942 ad
308 880 439 943 flammas
464 880 594 943 studiose
620 881 731 944 fuerint
749 880 950 962 conquirendi.
996 879 1079 941 Putet
1100 878 1156 941 lroe
1179 880 1277 961 ipsum

65 979 115 1029 turo
139 989 176 1029 ex
199 967 258 1045 iis,
287 988 363 1050 quac
383 969 445 1049 jam
468 990 505 1032 ex
524 969 657 1031 Eusebio
680 952 917 1046 observavimui,
943 976 1002 1028 tom
1028 967 1113 1028 etiam
1140 987 1178 1028 ex
1201 969 1277 1028 actis

65 1063 222 1136 martyrum,
248 1075 328 1138 quae
347 1057 488 1137 deinceps
508 1056 723 1137 allegabimus.
771 1057 907 1129 Omnium
925 1075 992 1117 reno
1010 1052 1276 1117 luculentissimum

65 1156 103 1204 est
118 1144 147 1204 iu
167 1143 247 1205 hanc
267 1164 331 1204 rem
351 1143 547 1206 testimonium
565 1143 733 1224 Augustini,
756 1145 806 1225 qui
826 1163 968 1225 expresse
984 1140 1163 1204 Diocletiani
1182 1162 1276 1204 rexa-

65 1231 158 1292 tiouem
185 1230 322 1311 adpellat
345 1238 558 1311 persecutionem
577 1235 699 1295 eodberti
717 1234 915 1294 tradendorum
940 1234 1053 1307 (contro
1070 1234 1161 1293 tireio.
1173 1236 1276 1295 Duae-

65 1325 113 1380 tiet.
131 1316 160 1392 3,
180 1320 260 1394 tu).
308 1319 559 1396 Quemadmodum
591 1320 690 1400 itaque
718 1318 878 1407 Augustini
905 1317 1100 1380 testimouium
1126 1317 1278 1381 veritatem

65 1405 161 1466 adserti
178 1406 277 1468 nostri
295 1405 478 1469 sufficienler
493 1408 671 1487 comprobat,
688 1407 727 1468 ita
744 1406 789 1468 rol
808 1407 913 1469 exinde
932 1425 1048 1487 quoque
1063 1404 1116 1466 illa
1133 1405 1277 1483 cognosci

67 1502 165 1572 potest,
200 1496 282 1574 quod
307 1495 363 1555 bac
388 1499 584 1557 tautummodo
609 1494 813 1576 persecutione
840 1491 996 1575 imperator
1022 1490 1147 1572 publicis
1171 1490 1276 1555 litteris

66 1580 238 1642 traditionem
257 1582 392 1643 codicum
409 1603 560 1644 sacrorum
580 1584 777 1656 mundaverit,
801 1582 829 1644 id
847 1583 923 1663 quod
943 1580 1025 1661 nullo
1042 1580 1276 1643 antecedentium

68 1669 297 1745 persecutionum
315 1680 444 1750 tempore
461 1670 570 1733 iactum
586 1669 683 1732 tuisse
701 1670 802 1750 paullo
818 1681 885 1732 ante
903 1669 1094 1732 ostendimus.

146 1757 180 1832 u)
198 1756 329 1818 Multum
349 1758 465 1818 omniuo
482 1757 636 1820 interesset
652 1770 761 1831 nostra,
779 1757 806 1819 si
820 1778 857 1819 ex
865 1755 996 1819 Eusebio
1010 1764 1098 1837 atque
1109 1752 1276 1833 Lactantio,
1317 1814 1321 1831 ,

67 1842 249 1920 scriptoribus
268 1844 360 1926 bujus
376 1848 440 1907 aeri
459 1846 585 1908 maxima
600 1846 658 1907 lide
674 1845 784 1924 dignis,
804 1847 966 1924 producere
984 1841 1149 1905 testimonia
1166 1861 1274 1923 posse·
1359 1876 1362 1880 ’

67 1948 130 2008 uus,
147 1951 223 2010 quae
243 1944 346 2013 aperte
364 1935 560 2010 ostenderent,
581 1932 726 2012 singulari
745 1933 879 1993 mandato
897 1930 1113 1993 Diocletianum
1132 1929 1275 1992 librorum

67 2015 279 2097 obristianorum
302 2021 532 2085 corubustiouem
551 2020 694 2101 jussisse.
739 2020 842 2099 Neque
862 2040 930 2081 vero
956 2029 1062 2079 temere
1086 2036 1142 2078 nos
1161 2016 1275 2097 aliquid

66 2104 189 2167 adserere
208 2109 391 2168 credendum
417 2120 470 2184 est,
496 2110 612 2188 quaudo
637 2107 665 2167 id
686 2105 883 2168 adfirmamus.
928 2105 968 2167 Ut
991 2106 1065 2166 enim
1085 2106 1120 2165 de
1140 2125 1174 2164 eo
1199 2104 1274 2187 nibil

65 2189 161 2265 diram,
187 2197 273 2274 quod
297 2215 316 2255 a
340 2194 469 2257 ueritatis
494 2194 682 2259 similitudine
705 2194 733 2255 id
754 2214 811 2254 uon
836 2192 1008 2267 abhorreat,
1037 2189 1274 2272 quandoquidem

47 2274 203 2356 xsingulare
230 2301 349 2362 poenae
376 2304 473 2362 genus
498 2295 576 2358 erat,
609 2303 665 2363 quo
691 2281 778 2357 adlici
801 2282 946 2343 deluebant
968 2279 1146 2355 Christiani,
1178 2278 1273 2340 edicto

65 2366 172 2442 speciali
197 2368 277 2429 ittuu
302 2371 397 2450 ipsum
416 2368 510 2431 luisse
527 2368 795 2452 promulgandum⁴
818 2368 962 2451 siquidem
987 2376 1015 2429 et
1033 2366 1142 2428 includi
1160 2375 1274 2447 poterut

66 2451 107 2511 atii
124 2466 148 2514 ut
166 2459 315 2539 conjungi
336 2478 400 2518 eum
412 2459 522 2539 ,poeuis
540 2457 673 2538 reliquis,
698 2477 773 2539 quae
792 2456 969 2538 infligendae
987 2456 1060 2537 ipsis
1076 2456 1111 2516 ad
1133 2453 1273 2535 principis

66 2551 151 2603 uutuuu
175 2556 275 2606 erant.
317 2545 409 2607 Salsa
432 2558 525 2608 tanuen
544 2548 640 2608 adbuc
666 2557 710 2607 est
734 2554 763 2607 et
779 2546 894 2625 integra
911 2566 958 2606 res
977 2555 1093 2620 nostru,
1118 2554 1274 2624 propterea

66 2632 129 2705 quod
145 2641 202 2693 tum
219 2634 248 2714 ip
259 2652 292 2693 se
304 2634 454 2695 Eusebius
472 2633 514 2715 (b.
533 2656 558 2696 e.
573 2630 605 2711 8,
622 2636 666 2714 2.)
682 2635 717 2693 de
733 2633 928 2712 imperatoriis
946 2632 1048 2693 edictis
1065 2632 1095 2692 io
1113 2628 1274 2711 pluralium
1331 2695 1333 2700 ,

67 2734 171 2779 numero
190 2719 344 2798 ieiunatur,
364 2721 483 2782 diceus:
508 2706 637 2798 iinimro
654 2705 830 2801 πανταχόσε
850 2708 996 2802 βασιλικὰ
1014 2710 1189 2800 ypriprpuro,
1212 2729 1272 2780 tum

69 2812 91 2861 et
104 2816 163 2867 actu
178 2828 203 2871 s.
221 2807 339 2870 Felicis
359 2810 450 2889 episc.
469 2807 694 2889 'lubyzaceusis
713 2807 770 2869 hoc
788 2807 883 2888 ipsum
904 2807 1021 2868 disertis
1041 2805 1138 2867 verbis
1157 2813 1271 2866 testeu-

69 2897 115 2953 tur.
155 2894 198 2956 lta
223 2898 302 2957 enirn
319 2897 427 2959 babent
442 2896 496 2957 illa
513 2898 542 2956 in
560 2894 731 2974 exemplari,
757 2896 832 2975 quod
851 2894 951 2975 Steph.
970 2894 1110 2955 Baluzius
1133 2892 1274 2970 (Miscell.

69 2982 136 3039 'Pom
151 2988 190 3044 11.
210 3007 239 3064 p.
259 2982 329 3063 77.)
349 2984 446 3059 edidit,
465 2996 494 3043 et
510 2984 586 3045 inter
603 2993 781 3066 ntoaumeuto
795 2994 886 3044 cebro
903 2986 940 3043 od
957 2987 1097 3043 Decutiat.
1117 2987 1272 3042 Historiam

68 3072 219 3137 pertiuentiu
235 3075 274 3132 od
292 3075 392 3133 cotona
412 3077 510 3151 Optoti
527 3074 626 3132 Milev.
653 3069 768 3150 repetiit
786 3071 835 3131 Du
851 3069 956 3131 Pinius
980 3092 1007 3150 p.
1028 3067 1103 3130 146:
1127 3071 1273 3129 ludicius

68 3152 125 3225 illie,
142 3162 315 3221 Diocletiano
330 3166 422 3232 octies,
437 3170 462 3220 et
480 3165 662 3220 Munimiuno
677 3164 776 3238 septies
794 3161 870 3219 Goes.
888 3161 1036 3236 Augustis,
1055 3162 1142 3217 erioit
1155 3158 1272 3218 edictum

68 3245 198 3307 mruudent
215 3250 368 3308 Doctorum
387 3251 429 3308 ool
445 3254 640 3326 imperatorum
657 3268 741 3325 super
757 3267 864 3307 omrrem
882 3247 983 3322 fenum
1000 3256 1099 3322 werno,
1123 3254 1149 3305 et
1165 3266 1272 3324 propo-

68 3330 138 3388 nituao
154 3344 194 3393 ert
216 3357 267 3413 per
283 3337 407 3415 colonius
423 3345 449 3395 ct
471 3341 596 3396 ciuitates
617 3336 789 3414 principibus
810 3345 837 3395 et
859 3335 1085 3413 magistratibus,
1108 3337 1273 3413 strenuique

69 3411 125 3487 beo,
140 3429 169 3478 ut
186 3423 272 3483 libros
287 3422 398 3497 dobree
412 3413 605 3501 ectorquerent
617 3424 650 3482 de
663 3425 791 3483 monibus
802 3428 989 3502 episcoporum
1003 3433 1029 3483 et
1044 3422 1272 3501 presbeterorum.

70 3503 338 3587 Tuae-programma
358 3516 478 3589 positura
504 3521 544 3570 ert
571 3514 602 3570 in
628 3515 737 3570 ciuitate
760 3511 951 3583 ibbpzueeusi
976 3520 1030 3570 cet.
1076 3507 1273 3570 Consentiunt

67 3582 121 3647 tere
137 3597 272 3657 curubis
291 3598 391 3658 eadem
411 3598 493 3670 Acta,
513 3617 531 3656 a
549 3596 663 3657 Theod.
681 3595 825 3656 Ruinarto
847 3617 873 3673 p.
891 3595 963 3656 355.
985 3594 1122 3666 exhibitu,
1146 3585 1220 3654 adeo
1240 3605 1273 3656 ut

69 3671 145 3737 dubio
161 3681 244 3745 locus
260 3685 343 3750 baud>
358 3683 549 3763 relinquatur,
573 3682 642 3762 quia
661 3680 805 3759 singulari
824 3675 1006 3744 Diocletiani
1019 3681 1113 3741 edicto
1129 3679 1272 3745 librorum

67 3776 204 3830 sacrorum
229 3772 345 3833 traditio
369 3770 457 3833 luerit
480 3770 652 3846 efflagitate.
696 3769 858 3830 iubebatur
883 3779 979 3830 nutem
1000 3770 1055 3830 troc
1076 3768 1140 3847 ipsu
1166 3766 1270 3847 edicto,

69 3853 130 3910 teste
142 3846 281 3920 'Eusebio
304 3859 325 3920 l.
344 3857 379 3919 l.:
406 3848 463 3930 τὰς
486 3849 604 3939 γραφὰς
628 3854 704 3936 πυρὶ
730 3849 861 3930 ἀφανεῖς
877 3855 1057 3937 γενέσθαι,
1088 3858 1166 3936 quod
1192 3867 1270 3919 certe

69 3927 303 4032 ippurreorr'poro
327 3945 435 4007 dictum
454 3945 664 4008 existimamus.
710 3944 757 4006 Uti
776 3943 852 4005 euim
876 3933 912 4004 τὸ
931 3938 1091 4020 ἀφανίζειν
1107 3945 1270 4023 generatim

69 4019 204 4098 signifieat
220 4046 249 4095 et
265 4034 392 4114 proprie,
416 4037 452 4095 olo
470 4036 600 4114 adspectu
618 4054 763 4109 remouere,
789 4031 830 4093 ita
847 4041 875 4093 et
890 4034 1052 4112 perditionis
1067 4053 1093 4094 s.
1112 4035 1272 4094 abolitionis

69 4109 201 4179 notionem
226 4122 361 4183 sustinet.
401 4121 474 4183 Cum
492 4120 584 4198 igitur
605 4120 807 4182 Diocletianus
825 4118 951 4184 uoluerit
966 4112 1095 4194 ἀφανεῖς
1110 4116 1271 4201 γενέσθαι,

70 4191 123 4257 sire
137 4196 341 4280 inaudientiae
357 4199 412 4280 τὰς
428 4197 563 4291 γραφὰς,
583 4201 744 4290 etquidem
760 4203 853 4289 roupi,
873 4215 951 4289 patet
971 4207 1075 4268 exinde
1094 4205 1270 4284 luculenter,

70 4296 119 4342 nou
141 4299 247 4357 tautum
265 4294 491 4358 occultationem
509 4305 564 4362 aut⁴
583 4296 773 4357 reinotionem
792 4316 807 4356 e
824 4306 993 4377 conspectu,
1019 4297 1069 4356 sed
1089 4293 1185 4373 potius
1204 4291 1271 4374 ple-

70 4372 169 4437 narium
193 4382 379 4447 abolitionem
404 4383 451 4444 bic
470 4383 690 4460 intelligendum
710 4403 788 4445 esse.
832 4384 936 4465 Neque
957 4392 1066 4445 tanturn
1085 4381 1270 4461 imperatoris

70 4456 193 4527 voluutas
215 4472 282 4535 buic
304 4471 535 4553 interpretationi
559 4471 656 4550 iavet,
680 4492 779 4534 neruum
804 4480 830 4532 et
850 4470 915 4553 ipsa
934 4471 1048 4554 praxis,
1074 4488 1133 4549 qua
1151 4470 1269 4533 codices
