3067 5075
371 259 409 320 de
424 255 529 321 ritibus
542 234 772 343 monuimus
788 274 851 324 seo.
866 234 1002 324 renaudi.
1245 256 1289 325 vs

68 435 113 497 En
127 450 206 514 ergo
222 429 373 513 primariis
389 428 494 497 saltem
509 431 600 498 lineis
617 432 820 499 adumbratam
836 432 941 498 faeiem
959 430 1087 516 dnpllels
1104 430 1291 514 acrimoniae,

68 524 152 605 ceps
169 519 408 583 obserrmlenem
423 532 548 605 uterque
567 533 645 586 tante
661 527 816 587 verborum
834 533 993 605 apparatu,
1016 521 1161 586 industrie
1177 533 1206 585 et
1222 523 1291 586 nisu

68 610 253 673 mammeae
269 608 415 672 eeclesiae
433 614 636 676 commendare
659 613 745 695 eique
770 611 960 694 apostolicam
983 610 1143 691 originem,
1167 618 1290 673 aetatem

68 714 154 781 atque
172 695 378 760 auomritatem
395 698 556 763 conciliare
573 700 692 782 satagit.
732 700 884 781 Insignem
900 718 969 761 rora
986 700 1201 779 antagonistam
1217 702 1290 762 satis

69 787 253 850 confidenter
274 787 521 850 contradicentem
544 797 668 872 uterque
692 790 781 852 babet
803 784 1032 863 llallaeum,
1061 787 1110 868 qui
1136 789 1203 849 dnm
1225 789 1291 850 eui-

69 876 140 939 libet
154 893 326 956 personam¹
343 894 430 957 qnam
448 877 711 958 condempnent,
731 876 819 939 demit
835 875 1039 959 propriamque
1056 884 1085 936 et
1101 877 1227 938 nativam
1244 877 1292 939 fa·

72 965 142 1026 emm
160 962 301 1040 exbibet,
325 964 443 1043 priseae
460 964 541 1025 illius
557 965 711 1028 affectatae
729 963 847 1028 canitiei
866 973 1032 1045 expertein:
1058 983 1092 1024 eo
1115 963 1180 1045 ipso
1203 962 1291 1027 simul

73 1073 170 1115 eorum
187 1051 395 1113 auctoritatem
414 1072 591 1135 operamque
605 1053 638 1115 in
656 1055 809 1115 condenda
830 1052 906 1114 ritus
924 1051 1018 1133 prima
1037 1049 1151 1130 origine
1168 1062 1197 1114 et
1212 1054 1292 1117 anti-

73 1140 179 1222 qnitnte
193 1149 255 1201 tarn
272 1138 399 1220 prolixis
417 1141 591 1203 testimoniis
607 1142 731 1224 positam
747 1140 824 1203 tollit
847 1151 934 1221 atque
952 1148 1080 1202 enarrat.
1115 1138 1293 1205 Posteriorls

75 1229 183 1311 quidem
204 1227 383 1309 baptismum
399 1228 568 1304 insecutae,
592 1229 741 1291 unctionis
757 1227 984 1291 celebrationem
1001 1227 1057 1288 lrao
1073 1226 1133 1310 jam
1151 1239 1245 1291 aetate
1262 1231 1293 1291 iu

76 1316 196 1378 eeclesia
214 1317 401 1378 observatam
415 1317 523 1396 inisse,
549 1317 699 1380 coaetanei
716 1314 896 1379 Tertulliani
914 1313 1120 1389 testimonium,
1147 1319 1214 1378 dum
1230 1338 1292 1381 rem

73 1404 104 1466 in
118 1403 216 1486 aprico
234 1403 328 1484 ponit,
345 1403 460 1478 inficias
476 1406 520 1467 ire
536 1404 632 1488 ipsum
649 1405 800 1487 probibet3
816 1403 907 1486 priori
919 1422 998 1480 reno,
1015 1404 1189 1485 baptismum
1203 1427 1292 1487 prae·

77 1512 203 1573 pressae,
231 1511 299 1552 cnm
317 1493 514 1572 genuinorurn
531 1506 782 1557 monumentorum
800 1492 943 1577 suffragia
958 1491 1066 1567 desint,
1090 1494 1125 1553 de
1142 1501 1292 1560 constitnit.

77 1592 160 1661 apost.
178 1591 321 1658 auctare,
346 1581 396 1663 qui
413 1602 447 1643 se
462 1583 517 1644 bas
536 1593 634 1662 partes
650 1603 792 1665 prospere
808 1588 938 1644 notorum
955 1579 1230 1662 primaerornrnq‘ne
1246 1595 1292 1647 ts·

78 1668 158 1730 stium
176 1668 328 1731 silentium
346 1669 411 1731 sois
429 1668 551 1750 prolatis
569 1682 615 1734 snt
638 1672 711 1735 scite
729 1669 932 1753 suppleturam
949 1669 1011 1730 lore
1037 1669 1292 1749 persuasissimum

77 1756 395 1835 instantioribus,
419 1767 520 1839 aperte
542 1769 630 1841 atque
651 1759 782 1840 ingenue
799 1754 1008 1840 profitetur*):
1031 1766 1097 1818 errat
1119 1758 1195 1838 epod
1210 1762 1294 1841 lerino,

80 1844 126 1921 ait,
139 1867 209 1927 pene
223 1866 366 1925 sssqaam
381 1852 411 1908 in
426 1854 600 1927 reperierant
610 1859 763 1930 temporam
773 1850 957 1909 aronamantie
968 1847 1203 1926 deprebearlirnas,
1220 1872 1294 1912 aon·

80 1936 161 2010 aaa,
184 1937 268 2014 quale
285 1937 357 1995 illati
372 1944 428 2007 est,
451 1937 525 2016 rprsd
540 1937 703 2016 baptizandi
719 1938 778 1998 oleo
795 1944 950 2013 conparatae,
974 1944 1124 2013 antaqaom
1140 1936 1294 2018 tinpaatn'r,

82 2024 196 2103 quodpre
210 2028 293 2084 anon
307 2044 363 2085 aaa
380 2026 448 2102 oleo,
465 2026 513 2085 sed
529 2014 625 2103 μύρῳ,
642 2031 662 2086 i.
680 2046 714 2098 a,
729 2033 866 2101 nomento
883 2025 1079 2096 abaiamontem,
1097 2043 1212 2102 qoorrrm
1224 2048 1294 2087 ermr-

81 2119 148 2171 trron
162 2113 298 2173 denotemus
314 2116 343 2172 in
361 2113 417 2172 alio
433 2118 612 2174 relacionem
624 2109 837 2175 observavimus.
863 2114 941 2171 Nom
954 2113 1001 2171 abi
1017 2113 1060 2173 laio
1075 2121 1168 2171 noster
1180 2114 1213 2173 de
1228 2117 1294 2176 dio·

82 2203 246 2262 oonisseram
264 2205 421 2261 ministerio
438 2203 512 2278 opit,
535 2202 565 2260 id
587 2206 716 2281 inprimis
739 2202 844 2275 tradit,
868 2220 930 2260 carm
951 2200 1080 2259 aretiimes
1102 2201 1294 2284 baptizantur,

83 2287 219 2349 mene
235 2306 337 2349 earum
352 2289 434 2349 modo
450 2289 571 2364 frontem
583 2283 671 2350 barre
687 2299 784 2350 sancto
800 2290 867 2362 oleo,
884 2299 944 2347 tvm
960 2288 1149 2349 diaconissam
1166 2310 1215 2350 aas
1230 2313 1294 2372 par·

84 2394 182 2471 appare.
221 2378 333 2438 Deinde
356 2385 443 2437 toturn
458 2378 589 2457 baptismi
606 2380 729 2440 ordinem
744 2381 867 2458 separanti
880 2375 979 2455 'capite
1001 2397 1156 2449 enarrans,
1182 2366 1222 2436 air
1239 2372 1296 2455 μὲν

86 2480 143 2541 avr,
164 2469 270 2546 inprit,
290 2508 297 2525 .
315 2507 324 2528 .
342 2508 350 2526 .
366 2471 398 2526 in
415 2466 609 2546 quibasdam,
634 2476 664 2526 at
681 2468 752 2542 dici,
777 2467 853 2528 vides
868 2470 1017 2540 mactiones,
1040 2469 1161 2544 priorem
1177 2486 1213 2527 ea
1228 2470 1295 2544 oleo,

85 2557 313 2615 missionem
335 2559 394 2615 sive
409 2555 555 2629 lationem
578 2561 758 2634 posteriorem
774 2563 838 2634 post
853 2556 982 2614 lotionem
998 2550 1032 2612 ἐκ
1048 2550 1106 2613 τοῦ
1121 2542 1230 2635 μύρου,
1258 2575 1294 2617 ea
1316 2607 1320 2616 .
1410 2548 1417 2561 ⁸

86 2650 220 2716 snperato.
241 2645 332 2721 Atqtti
346 2661 433 2703 enam
449 2644 581 2704 baeterrae
596 2645 792 2705 audiveramus
807 2661 919 2722 eamqrre
934 2650 997 2721 post
1013 2646 1172 2702 tinctionem
1190 2652 1216 2703 et
1231 2649 1296 2724 qai-

86 2726 149 2803 tletn,
161 2739 193 2789 at
205 2732 328 2801 videtote,
345 2749 381 2790 ea
396 2731 517 2811 simplici
533 2729 611 2806 aba}
629 2742 698 2794 cama
713 2752 853 2813 arrsqaam
869 2736 900 2791 in
916 2750 948 2790 eo
965 2731 1141 2791 describenda
1158 2727 1218 2789 τοῦ
1234 2722 1296 2809 pri-

88 2831 152 2893 per,
172 2822 192 2879 i.
208 2839 233 2881 e.
258 2824 394 2896 anpaenti
416 2839 453 2879 ec
475 2821 602 2899 pleribus
618 2826 761 2900 compositi
784 2823 903 2881 oraverit
918 2824 1029 2878 mentio.
1068 2823 1126 2879 Fac
1142 2826 1297 2883 promiseris

89 2903 256 2979 manat,
275 2912 323 2987 qai
337 2914 423 2967 mern
438 2908 569 2987 baptismi
584 2913 669 2969 ritem
685 2913 894 2970 accuratissime
909 2907 1064 2985 descripsit.
1090 2908 1171 2968 Nilril
1186 2919 1299 2986 praetor

89 2991 138 3050 islo
151 2995 225 3072 upord
240 3016 305 3055 enne
320 3001 449 3057 occarrit.
487 3001 562 3073 Erpa
579 3001 653 3057 circa
668 2998 735 3057 baec
753 3005 888 3074 tempora,
904 2999 925 3055 i.
941 3015 975 3066 a,
992 2995 1077 3072 pavlo
1094 3005 1157 3072 post
1174 3001 1191 3055 l
1195 3001 1227 3058 V.
1244 3018 1297 3057 sea

89 3078 162 3139 initio
182 3082 263 3155 ferta
286 3084 395 3144 aanor
415 3085 469 3144 illo
489 3089 626 3160 metatio,
650 3106 746 3165 nempe
768 3093 800 3144 at
822 3103 883 3144 arm
906 3088 1027 3160 primam
1050 3099 1086 3141 aa
1104 3084 1162 3142 oleo
1178 3087 1298 3164 simplici

90 3165 277 3246 maranata
293 3173 327 3231 de
341 3192 423 3233 sucro
438 3173 552 3233 lavacro
568 3179 683 3251 opressi,
705 3183 765 3233 tam
782 3174 841 3233 oleo
857 3171 1014 3231 balsamant
1033 3170 1099 3230 addi
1113 3172 1249 3250 placuerit
1263 3193 1299 3234 ea

92 3255 210 3318 Manno
224 3267 300 3339 appo,
316 3261 388 3339 qaod
401 3261 561 3339 brqirrsrnodi
576 3271 744 3339 capientem
758 3258 961 3339 significandae
976 3263 1068 3337 rapias
1083 3280 1116 3319 ao
1132 3262 1300 3323 sacerdotaii

92 3338 208 3418 bpnltoti
223 3350 269 3426 (in
286 3368 369 3427 qrrarn
383 3369 433 3427 per
448 3349 616 3427 baptisatam
631 3354 838 3429 increparentur
853 3347 1003 3428 eredentes)
1020 3352 1114 3426 aptiae
1130 3368 1213 3428 qaam
1228 3355 1299 3411 sim·

93 3428 150 3503 tlte
163 3434 250 3495 dmm
263 3437 412 3498 videretvr.
447 3435 531 3497 llaec
547 3434 618 3514 ille3
636 3458 675 3498 ex
692 3436 800 3519 quibus
816 3436 961 3515 integram
979 3433 1044 3515 ejus
1062 3436 1098 3496 de
1116 3437 1299 3518 notebaptis-

95 3514 167 3579 tte&
183 3521 332 3583 unedonis
350 3530 490 3585 analect
514 3523 685 3605 antiquitate
709 3523 883 3587 sententiam
909 3522 1036 3584 dilucide
1062 3524 1228 3603 perspicere
1244 3541 1299 3607 pos

94 3599 165 3667 bris.
199 3608 281 3671 Satis
298 3620 434 3691 argutam
451 3629 520 3674 vero
537 3610 621 3675 hisce
638 3612 724 3674 dictis
742 3611 939 3693 conjecturam
957 3612 993 3672 de
1011 3629 1101 3672 causa
1119 3610 1301 3675 occasionali

95 3687 208 3770 originis
224 3696 307 3759 illius
324 3700 471 3762 unctionis
485 3698 519 3762 iu
536 3701 728 3782 sequentibus
745 3695 909 3783 subjungit,
926 3700 1042 3780 qnando
1059 3710 1232 3778 auguratur,
1248 3723 1301 3784 per

95 3771 189 3842 bemus
203 3782 285 3848 illam
303 3795 442 3850 externae
459 3788 639 3852 cordionis
651 3789 775 3864 faciem,
803 3808 861 3870 qua
881 3786 1116 3849 Christianorum
1134 3807 1209 3869 grex
1225 3799 1300 3853 tenr-

97 3865 206 3941 mneos
222 3873 407 3938 Conmentini
424 3875 530 3957 Magni
555 3879 687 3957 gaudere
712 3876 823 3958 coepit,
847 3885 933 3957 atqne
957 3893 1011 3957 per
1029 3876 1201 3958 profundam
1218 3887 1300 3941 tran-

98 3952 255 4029 entitatem
273 3973 300 4025 et
316 3983 427 4045 pacem,
446 3985 505 4046 qna
520 3964 647 4028 ecclesia
662 3968 718 4029 sub
731 3966 822 4045 hujus
833 3963 975 4047 principis
990 3963 1114 4047 imperio
1132 3986 1189 4027 non
1206 3966 1316 4043 solum

98 4037 252 4109 manneus
269 4048 348 4127 illis,
372 4052 480 4133 quibus
495 4063 582 4116 antea
599 4057 706 4117 acerbe
722 4052 797 4116 satis
814 4062 843 4115 et
858 4051 1049 4115 multifariam
1072 4074 1178 4135 prressa
1194 4053 1301 4134 fuerat,

100 4125 293 4201 afflictionibus
314 4138 440 4203 liberata
459 4144 573 4203 demum
590 4142 651 4204 frui
675 4142 905 4223 auspicabatur,
931 4142 983 4204 sed
1009 4162 1125 4223 qnoque
1149 4153 1302 4224 praeterea

100 4209 320 4303 honoratiorem,
342 4228 505 4311 praecipua
521 4230 662 4310 dignitate
677 4230 825 4312 lautisque
847 4225 1041 4292 facultatibus
1060 4227 1231 4310 pollentium
1248 4251 1302 4294 ac-

101 4317 187 4386 cesso,
201 4315 331 4379 subsidio
349 4328 437 4401 atquc
453 4318 615 4400 patrocinio
631 4330 719 4384 nacta
731 4340 818 4402 opum
831 4317 1001 4402 externique
1013 4316 1178 4402 splendoris
1191 4319 1303 4405 majora

101 4425 328 4462 *¹·——-—.

163 4493 191 4566 *)
210 4501 243 4553 de
258 4457 447 4575 confirmatione
461 4508 489 4578 2,
509 4507 551 4564 13.
