3067 5075
379 291 629 403 Κοιτηχούμεενος7
640 299 782 366 bistoriee
799 302 975 387 descriptus.
1223 300 1289 368 lb?

38 526 45 536 ,
75 479 165 545 sessio
188 489 285 542 autem
309 477 445 560 inprimis
469 480 680 541 commendata.
717 478 761 540 ita
784 478 970 560 Augustinus
995 477 1046 560 (de
1070 476 1287 542 catechizandis

76 569 192 632 rudibus
219 589 246 630 c.
262 564 330 648 ts)
348 567 525 646 Deogratias
541 567 697 629 informat:
731 573 799 630 Sine
815 570 985 629 initiatione
1002 566 1115 649 inquit,
1141 570 1239 629 meiius
1253 568 1287 643 fit

76 661 117 719 abi
130 660 253 718 decenter
268 657 330 732 pieri
347 665 454 735 potest,
476 667 508 717 ut
524 678 542 716 a
557 661 693 736 principia
710 659 808 717 sedens
823 656 930 719 audiat.
968 662 1115 736 Longeque
1133 658 1288 717 conmeitius

76 753 103 807 in
117 742 279 827 miceriam
296 746 415 804 ecelesiis
432 750 631 804 transmarinis
653 765 709 804 non
729 747 820 804 solum
843 749 983 805 antistites
998 746 1121 805 sedentes
1137 746 1288 823 iomeuntnr

79 835 112 894 ad
125 835 272 913 populum,
294 834 343 892 sed
360 836 415 912 ipsi
430 837 512 892 etiam
529 835 630 911 papinio
646 834 743 893 sedilia
761 833 911 907 subiacent,
936 853 970 892 ne
988 837 1133 912 queisquom
1148 831 1288 906 infirmior

77 922 332 997 aromatarium,
356 941 375 980 a
392 921 576 980 aaleebmrimu
591 925 741 980 intentione
766 930 910 981 avertatur
932 928 982 980 aut
1003 926 1087 980 etiam
1104 929 1217 997 copatar
1232 920 1287 980 ub-

76 1011 182 1070 siedere.
215 1007 255 1069 Et
272 1015 466 1088 postpauca:
496 1011 566 1081 Quis
580 1013 664 1068 etiam
680 1008 756 1083 ferat
770 1012 962 1086 arnoqontiam
977 1017 1112 1079 nostrum,
1132 1028 1193 1067 cnm
1208 1011 1285 1068 oinos

79 1099 174 1172 {ratres
188 1106 310 1171 nostros,
335 1097 378 1156 eei
393 1101 477 1155 etiam
492 1117 545 1175 qno
561 1098 662 1173 niujori
677 1090 851 1156 solicitudine
866 1096 1018 1156 curandam
1035 1104 1084 1166 est,
1102 1103 1134 1154 at
1149 1100 1205 1154 sint
1219 1095 1288 1170 fra-

58 1230 62 1244 .
78 1193 128 1245 tres
140 1190 240 1262 nostri,
257 1203 351 1244 coram
366 1184 445 1242 nobis
460 1185 554 1243 sedere
569 1204 625 1243 non
641 1185 764 1258 facimus
779 1193 804 1243 et
820 1188 911 1262 ipsum
925 1188 1074 1243 Dominam
1089 1191 1225 1258 nostrum,
1242 1187 1288 1242 cui

79 1277 207 1332 demetant
223 1273 324 1348 nnpeli,
351 1272 448 1330 sedens
464 1273 563 1330 neetlier
578 1269 733 1331 audiebat?
765 1275 841 1331 Sane
856 1277 881 1331 ei
898 1280 948 1331 nent
963 1272 1052 1331 breuis
1066 1291 1156 1331 serato
1171 1271 1289 1345 picturus

80 1364 176 1419 est‘aut
192 1364 334 1419 consessui
350 1359 427 1418 iocus
443 1379 498 1418 non
516 1364 557 1417 eit
573 1369 672 1437 aptes,
694 1367 801 1418 stantes
816 1359 935 1437 andiunt
951 1367 977 1417 at
995 1379 1049 1417 non
1065 1367 1131 1418 erent
1146 1358 1288 1418 initiandi.

80 1450 148 1507 Nam
170 1467 233 1506 erem
261 1467 334 1506 rantes
357 1455 406 1506 ant
434 1447 488 1506 dito
519 1456 568 1505 out
597 1452 696 1525 paud,
728 1456 873 1525 propterea
903 1454 1051 1520 uenerant,
1078 1454 1109 1504 nt
1135 1446 1287 1505 Christiani

78 1533 148 1611 pant,
167 1535 320 1613 perimtloee
336 1536 474 1614 innitimur
488 1535 636 1594 stantibus.
672 1567 707 1576 --
742 1534 772 1617 ᾗ.
793 1534 841 1595 19.
875 1532 1000 1593 Ratione
1015 1530 1127 1592 formae
1144 1538 1284 1592 externae

79 1620 260 1682 catechizatio
277 1620 458 1681 consistebat
474 1620 504 1679 in
518 1620 590 1680 orali
608 1619 774 1698 beneditione,
792 1622 910 1701 quando
923 1641 976 1700 per
987 1619 1175 1700 quaestiones
1193 1628 1220 1678 et
1235 1638 1287 1679 re-

80 1707 244 1789 sponsiones
261 1708 435 1769 iaiormatnr
451 1710 688 1770 catechumenus.
719 1707 861 1784 Quamvis
879 1707 954 1769 enim
973 1708 1182 1782 concedamus,
1198 1704 1287 1767 laeiie

79 1814 279 1878 nonnunquam
296 1796 432 1857 continuo
451 1816 594 1872 sermone,
620 1817 638 1857 a
655 1796 862 1856 catechumeno
879 1816 937 1856 non
954 1795 1125 1874 interrupto,
1150 1791 1288 1854 cateche-

81 1894 129 1944 ta'm
145 1904 227 1945 usum
246 1903 323 1958 esse,
349 1883 569 1965 quaestionario
585 1894 679 1944 tamen
697 1885 850 1945 methodus
866 1882 1061 1944 usitatissima
1078 1891 1157 1963 erat..
1188 1880 1288 1943 Vehe-

81 1968 193 2032 mentius
210 1971 289 2033 enim
308 1981 421 2032 movent
439 1973 560 2032 crebrae
584 1971 849 2050 interrogationes,
875 1990 960 2051 quam
978 1967 1126 2050 simplices
1144 1968 1288 2029 assertio-

80 2069 164 2121 neset
187 2081 223 2121 ex
241 2059 395 2138 responsis
414 2057 583 2139 colligimus
608 2057 678 2119 eerti
706 2059 775 2140 qnid
801 2060 836 2119 de
859 2057 993 2138 proiectu
1017 2055 1163 2135 discipuli.
1204 2055 1287 2117 Unde

81 2146 291 2226 quaestionibus
309 2149 455 2226 agebatur
470 2166 505 2207 eo
522 2146 655 2228 inprimis
674 2156 820 2228 tempore,
845 2166 902 2226 quo
928 2144 1154 2206 catechumenus
1172 2141 1287 2223 baptis-

81 2252 147 2294 mum
162 2235 369 2297 desiderabat:
392 2236 457 2295 vSeri
480 2245 506 2296 et
528 2241 607 2314 ipsa,
627 2256 698 2315 qaeu
721 2241 749 2295 in
774 2235 910 2312 baptismo
925 2239 962 2293 ait
981 2267 1018 2279 —
1036 2233 1126 2293 verba
1143 2242 1211 2291 suot
1227 2229 1288 2311 Cy-

82 2321 164 2401 priani
188 2358 227 2368 -
253 2328 433 2400 internopatio
455 2328 532 2383 testis
556 2332 596 2383 eet
612 2328 746 2384 ueritatis.
784 2328 858 2382 Eum
880 2327 952 2382 enim
965 2325 1014 2401 qni
1030 2326 1210 2381 examinatur
1225 2339 1288 2379 cum

82 2414 289 2488 abnegamus,
314 2417 435 2472 vitamne
457 2422 598 2471 aeternam
621 2421 645 2470 et
670 2419 843 2490 peccatorum
867 2415 1059 2471 remissionem.
1073 2417 1245 2486 accepturam
1261 2416 1288 2467 te

82 2496 181 2560 erant
210 2502 296 2561 Mbil
312 2501 406 2574 aliud,
430 2504 486 2559 nisi
509 2503 540 2559 in
561 2500 707 2561 catholiea
721 2500 835 2559 ecclesia
859 2499 924 2559 dari
947 2498 1020 2559 banc
1043 2517 1123 2577 posse
1139 2504 1285 2572 testamur,

82 2605 134 2647 eum
148 2590 221 2667 apud
237 2590 407 2663 baereticae,
430 2589 477 2647 ubi
495 2588 608 2647 ecclesia
630 2597 758 2664 nonest,
783 2588 878 2648 baberi
900 2595 1072 2666 peccatorum
1089 2588 1214 2645 remiaeio
1229 2603 1287 2643 non

82 2679 166 2751 possit.
210 2671 332 2755 Ideoque
360 2684 386 2736 et
408 2677 606 2735 baereticorum
627 2681 741 2754 patroni
766 2671 816 2734 aut
841 2684 948 2734 aratura
970 2677 1212 2750 interannuntiantem
1236 2679 1287 2731 nat

82 2768 296 2834 temeratorem
319 2764 413 2823 debent
427 2773 475 2822 etc.
514 2761 552 2822 Et
569 2764 605 2822 ad
623 2762 697 2823 lianc
720 2763 817 2840 ipsam
839 2760 1096 2836 consuetudinem,
1122 2778 1175 2838 per
1192 2777 1286 2839 quae·
1311 2799 1313 2804 s

83 2846 180 2910 stiones
203 2869 310 2930 nempe
334 2848 504 2930 explorandi
530 2848 694 2929 baptizandi
713 2848 817 2919 fidem,
841 2857 943 2927 putant
967 2845 1099 2907 nonnulli
1117 2844 1287 2926 respexisse

82 2932 184 2999 Petrum
208 2940 327 3020 quando
353 2937 382 3016 l,
406 2935 442 3015 3,
468 2938 520 2998 21.
544 2929 752 3015 συνειδήσεως
783 2930 911 3016 ἀγαθῆς
939 2923 1123 3015 ἐπερώτημα
1145 2933 1287 2996 nominat.

85 3057 116 3069 -
137 3024 162 3109 §i
178 3026 229 3089 20.
257 3024 423 3086 informatio
441 3023 507 3105 ipsa
526 3044 550 3086 s.
571 3013 739 3103 uaeqpqoee
762 3022 876 3085 ratione
894 3022 1043 3082 doctrinae
1060 3020 1239 3081 consistebat
1255 3018 1287 3079 iu
1387 3035 1391 3050 ¹

83 3112 241 3175 recensione
261 3123 289 3174 et
303 3110 494 3193 frequentiori
512 3111 682 3191 repetitione
699 3110 827 3171 omnium
845 3107 1033 3170 articulorum
1049 3106 1126 3182 fidei,
1152 3103 1201 3189 qui
1219 3125 1287 3167 cre-

78 3195 136 3259 ditu
151 3200 314 3263 necessarii
333 3210 410 3276 sunt,
426 3221 484 3259 non
502 3209 611 3261 tantum
630 3219 741 3273 eorum,
759 3197 807 3279 qui
823 3196 853 3257 in
870 3195 1002 3279 symbolo
1019 3195 1191 3276 apostolico,
1208 3195 1286 3276 qnod

83 3284 161 3365 uulgo
177 3288 299 3364 dicitnr,
317 3289 374 3349 boc
390 3297 490 3349 nostro
508 3297 637 3366 tempore
653 3286 803 3366 leguntur.
840 3284 885 3347 lta
903 3286 977 3348 enim
996 3282 1181 3363 Augustinus
1197 3282 1287 3344 insti-

83 3372 204 3437 tutionem
229 3375 436 3437 eateebetiram
462 3373 602 3436 describit
626 3373 756 3453 (deiide
780 3384 808 3435 et
833 3372 971 3454 operibus
995 3371 1062 3449 6.):
1105 3374 1178 3445 Quid
1208 3372 1287 3432 atiud

85 3463 139 3537 nait,
149 3462 255 3545 inquit,
280 3474 366 3525 totam
383 3475 498 3543 tempus,
517 3483 570 3543 qno
587 3463 839 3527 cateclruntenorum
854 3465 944 3522 locem
960 3472 985 3522 et
1001 3480 1099 3521 notttea
1115 3469 1214 3532 tenent,
1230 3463 1287 3519 nisi

84 3553 110 3606 at
123 3552 243 3629 andiunt,
262 3573 333 3632 qerne
348 3552 417 3627 tides
434 3561 460 3611 et
475 3554 567 3631 qualis
581 3551 639 3611 e'ita
657 3551 750 3610 debeat
766 3552 1005 3620 essecltrietiani.
1042 3546 1151 3609 Verum
1170 3544 1286 3625 quidem

86 3636 179 3712 labin
196 3638 314 3720 scriptis
330 3642 460 3699 ueterum
477 3638 742 3717 frequentissimam
759 3634 821 3697 lieri
840 3634 962 3717 symboli
981 3634 1174 3720 mentionem,
1200 3632 1286 3713 cujus

86 3717 159 3784 edim
175 3726 305 3789 recitatio
323 3735 351 3787 ct
366 3726 445 3787 iacta
462 3727 498 3787 ad
515 3723 589 3787 iliud
608 3724 756 3807 stipulatio
775 3733 837 3785 erat
860 3722 977 3783 ultimus
994 3731 1077 3782 aetus
1094 3729 1286 3800 praeparato-

85 3806 148 3887 rius,
163 3815 210 3893 qni
226 3813 429 3895 requirebatur
445 3835 462 3874 a
479 3814 696 3890 catechumeno,
712 3821 745 3872 ut
762 3812 798 3872 ad
815 3811 988 3890 baptismum
1005 3807 1214 3870 admitteretur.
1239 3807 1286 3868 De
1319 3811 1337 3833 ·“

86 3896 240 3966 recitatione
256 3902 351 3983 inquit
369 3900 555 3981 Augustinus
573 3899 607 3978 (1.
625 3900 670 3961 cit.
685 3900 770 3975 ll.):
787 3901 965 3978 baptizandis
983 3899 1133 3973 spnrboium
1149 3898 1287 3984 tradimus

87 3985 289 4072 reddendumque
310 3996 489 4069 reposcimus.
527 3989 573 4049 Dc
598 3986 787 4069 stipulatione
812 3988 897 4062 item,
924 4005 942 4046 a
967 3983 1174 4046 catechumeno
1194 3983 1284 4061 facta,

88 4067 244 4147 Ambrosius
267 4078 311 4157 (in
333 4077 386 4138 lib.
407 4079 441 4138 de
467 4076 521 4153 tis,
547 4076 597 4155 qui
615 4076 760 4157 mysteriis
777 4074 929 4135 initiantur
945 4072 1010 4149 2.):
1045 4077 1155 4151 Repete,
1180 4070 1282 4152 inquit,

88 4161 144 4234 naa
156 4167 411 4244 interrogaturus,
436 4186 595 4243 recopnosoe
613 4165 679 4244 quid
702 4166 887 4243 responderis.
925 4166 1108 4222 Renaneiosti
1132 4161 1242 4219 diabolo
1258 4167 1285 4219 et

88 4249 201 4342 petibus
215 4245 281 4329 eins
297 4255 400 4315 mundo
417 4264 443 4313 et
457 4256 588 4314 tenerrime
603 4254 663 4327 eius
679 4261 713 4312 ab
727 4253 923 4332 uoluptatibus.
958 4256 1080 4310 Tenetur
1093 4266 1149 4309 aaa
1164 4255 1214 4306 tua
1229 4266 1287 4305 non

89 4333 224 4404 itt'tnmula
239 4351 422 4415 mortuorum,
445 4342 493 4401 sed
509 4347 540 4401 in
555 4343 625 4403 libro
641 4345 798 4402 nicentium.
817 4357 821 4368 ’
837 4338 884 4399 Ex
901 4334 1066 4418 hujusmodi
1084 4343 1178 4394 antem
1195 4332 1287 4394 iunu-

88 4419 166 4484 ltlerls
179 4435 305 4494 retorem
322 4429 416 4503 dictis,
439 4426 471 4488 in
489 4427 596 4509 quibus
613 4427 737 4506 symboli
752 4426 784 4487 tit
796 4424 915 4501 mentio,
944 4422 1084 4503 colligere
1100 4419 1185 4497 uelle,
1205 4440 1286 4498 sym-

88 4502 317 4594 boli'apostoiici
342 4514 558 4600 professionem
589 4516 677 4579 unice
706 4513 879 4595 requisitam
903 4511 999 4574 fuisse
1023 4531 1042 4574 a
1067 4508 1286 4588 catechumeno,
