<?xml version="1.0" encoding="UTF-8"?>
<!DOCTYPE html PUBLIC "-//W3C//DTD XHTML 1.0 Transitional//EN"
    "http://www.w3.org/TR/xhtml1/DTD/xhtml1-transitional.dtd">
<html xmlns="http://www.w3.org/1999/xhtml" xml:lang="en" lang="en">
 <head>
  <title>
</title>
<meta http-equiv="Content-Type" content="text/html;charset=utf-8" />
  <meta name='ocr-system' content='tesseract 3.04.00' />
  <meta name='ocr-capabilities' content='ocr_page ocr_carea ocr_par ocr_line ocrx_word'/>
</head>
<body>
  <div class='ocr_page' id='page_1' title='image "./thesauruscommen02volbgoog_0245.png"; bbox 0 0 3067 5075; ppageno 0'>
   <div class='ocr_carea' id='block_1_1' title="bbox 540 255 1364 349">
    <p class='ocr_par' dir='ltr' id='par_1_1' title="bbox 540 255 1364 349">
     <span class='ocr_line' id='line_1_1' title="bbox 540 255 1364 349; baseline -0.012 -14"><span class='ocrx_word' id='word_1_1' title='bbox 540 261 578 335; x_wconf 74' lang='lat' dir='ltr'><strong>la</strong></span> <span class='ocrx_word' id='word_1_2' title='bbox 593 276 687 335; x_wconf 70' lang='lat' dir='ltr'><strong>noua</strong></span> <span class='ocrx_word' id='word_1_3' title='bbox 703 257 832 337; x_wconf 71' lang='lat' dir='ltr'><strong>libuini.</strong></span> <span class='ocrx_word' id='word_1_4' title='bbox 1225 255 1293 349; x_wconf 68' lang='grc'><strong>331</strong></span> <span class='ocrx_word' id='word_1_5' title='bbox 1357 316 1364 325; x_wconf 82' lang='grc'>.</span> 
     </span>
    </p>
   </div>
   <div class='ocr_carea' id='block_1_2' title="bbox 82 430 1354 2269">
    <p class='ocr_par' dir='ltr' id='par_1_2' title="bbox 82 430 1354 2269">
     <span class='ocr_line' id='line_1_2' title="bbox 85 430 1293 518; baseline -0.005 -15"><span class='ocrx_word' id='word_1_6' title='bbox 85 433 213 507; x_wconf 74' lang='lat' dir='ltr'><strong>arntiam</strong></span> <span class='ocrx_word' id='word_1_7' title='bbox 229 431 440 513; x_wconf 62' lang='lat' dir='ltr'><strong>grassantibus</strong></span> <span class='ocrx_word' id='word_1_8' title='bbox 463 432 701 515; x_wconf 82' lang='lat' dir='ltr'><strong>persecutionum</strong></span> <span class='ocrx_word' id='word_1_9' title='bbox 724 430 947 518; x_wconf 69' lang='lat' dir='ltr'><strong>tempestatibus</strong></span> <span class='ocrx_word' id='word_1_10' title='bbox 969 433 1001 507; x_wconf 83' lang='lat' dir='ltr'><strong>in</strong></span> <span class='ocrx_word' id='word_1_11' title='bbox 1024 431 1218 501; x_wconf 81' lang='lat' dir='ltr'><strong>renuentibus</strong></span> <span class='ocrx_word' id='word_1_12' title='bbox 1238 451 1293 497; x_wconf 86' lang='lat' dir='ltr'><strong>sn·</strong></span> 
     </span>
     <span class='ocr_line' id='line_1_3' title="bbox 86 519 1292 601; baseline 0.003 -19"><span class='ocrx_word' id='word_1_13' title='bbox 86 523 153 599; x_wconf 83' lang='lat' dir='ltr'><strong>uris,</strong></span> <span class='ocrx_word' id='word_1_14' title='bbox 175 521 205 593; x_wconf 90' lang='lat' dir='ltr'><strong>ip</strong></span> <span class='ocrx_word' id='word_1_15' title='bbox 225 520 333 601; x_wconf 81' lang='lat' dir='ltr'><strong>paitrus</strong></span> <span class='ocrx_word' id='word_1_16' title='bbox 350 519 437 591; x_wconf 82' lang='lat' dir='ltr'><strong>simul</strong></span> <span class='ocrx_word' id='word_1_17' title='bbox 465 520 674 594; x_wconf 84' lang='lat' dir='ltr'><strong>curbaris&#39;tiurn</strong></span> <span class='ocrx_word' id='word_1_18' title='bbox 696 520 926 596; x_wconf 69' lang='lat' dir='ltr'><strong>distribuebant,</strong></span> <span class='ocrx_word' id='word_1_19' title='bbox 949 519 1027 591; x_wconf 83' lang='lat' dir='ltr'><strong>serio</strong></span> <span class='ocrx_word' id='word_1_20' title='bbox 1050 521 1292 599; x_wconf 84' lang='lat' dir='ltr'><strong>admonebantur.</strong></span> 
     </span>
     <span class='ocr_line' id='line_1_4' title="bbox 87 600 1293 693; baseline -0.002 -20"><span class='ocrx_word' id='word_1_21' title='bbox 87 608 221 693; x_wconf 73' lang='lat' dir='ltr'><strong>Quicquid</strong></span> <span class='ocrx_word' id='word_1_22' title='bbox 236 600 371 685; x_wconf 62' lang='lat' dir='ltr'><strong>&lt;desdiae</strong></span> <span class='ocrx_word' id='word_1_23' title='bbox 387 609 527 677; x_wconf 78' lang='lat' dir='ltr'><strong>adhaeret</strong></span> <span class='ocrx_word' id='word_1_24' title='bbox 545 608 629 686; x_wconf 91' lang='lat' dir='ltr'><strong>ritui,</strong></span> <span class='ocrx_word' id='word_1_25' title='bbox 652 609 739 677; x_wconf 86' lang='lat' dir='ltr'><strong>medii</strong></span> <span class='ocrx_word' id='word_1_26' title='bbox 762 609 827 675; x_wconf 86' lang='lat' dir='ltr'><strong>aeri</strong></span> <span class='ocrx_word' id='word_1_27' title='bbox 846 606 957 679; x_wconf 85' lang='lat' dir='ltr'><strong>seculis</strong></span> <span class='ocrx_word' id='word_1_28' title='bbox 981 608 1164 690; x_wconf 82' lang='lat' dir='ltr'><strong>etproxime</strong></span> <span class='ocrx_word' id='word_1_29' title='bbox 1182 609 1293 677; x_wconf 83' lang='lat' dir='ltr'><strong>subse-</strong></span> 
     </span>
     <span class='ocr_line' id='line_1_5' title="bbox 84 691 1317 781; baseline -0.001 -23"><span class='ocrx_word' id='word_1_30' title='bbox 84 697 231 780; x_wconf 81' lang='lat' dir='ltr'><strong>quentibus</strong></span> <span class='ocrx_word' id='word_1_31' title='bbox 246 695 385 777; x_wconf 79' lang='lat' dir='ltr'><strong>accrevit,</strong></span> <span class='ocrx_word' id='word_1_32' title='bbox 402 717 439 759; x_wconf 84' lang='lat' dir='ltr'><strong>ex</strong></span> <span class='ocrx_word' id='word_1_33' title='bbox 455 691 619 778; x_wconf 73' lang='grc' dir='ltr'><em>κακοζηλίᾳ</em></span> <span class='ocrx_word' id='word_1_34' title='bbox 634 697 798 779; x_wconf 80' lang='lat' dir='ltr'><strong>gentilium,</strong></span> <span class='ocrx_word' id='word_1_35' title='bbox 815 698 894 781; x_wconf 79' lang='lat' dir='ltr'><strong>quod</strong></span> <span class='ocrx_word' id='word_1_36' title='bbox 910 698 947 761; x_wconf 84' lang='lat' dir='ltr'><strong>tle</strong></span> <span class='ocrx_word' id='word_1_37' title='bbox 966 696 1102 781; x_wconf 85' lang='lat' dir='ltr'><strong>pluribus</strong></span> <span class='ocrx_word' id='word_1_38' title='bbox 1118 693 1292 768; x_wconf 83' lang='lat' dir='ltr'><strong>Pontificio·</strong></span> <span class='ocrx_word' id='word_1_39' title='bbox 1313 718 1317 721; x_wconf 91' lang='lat'>·</span> 
     </span>
     <span class='ocr_line' id='line_1_6' title="bbox 84 781 1293 869; baseline -0.002 -22"><span class='ocrx_word' id='word_1_40' title='bbox 84 806 137 855; x_wconf 80' lang='lat' dir='ltr'><strong>rum</strong></span> <span class='ocrx_word' id='word_1_41' title='bbox 159 781 419 865; x_wconf 73' lang='lat' dir='ltr'><strong>superstitionibus</strong></span> <span class='ocrx_word' id='word_1_42' title='bbox 441 793 582 853; x_wconf 86' lang='lat' dir='ltr'><strong>monstrat</strong></span> <span class='ocrx_word' id='word_1_43' title='bbox 598 783 812 865; x_wconf 83' lang='lat' dir='ltr'><strong>Hospiuianus.</strong></span> <span class='ocrx_word' id='word_1_44' title='bbox 850 783 1005 869; x_wconf 78' lang='lat' dir='ltr'><strong>Litnrgia,</strong></span> <span class='ocrx_word' id='word_1_45' title='bbox 1029 804 1114 867; x_wconf 79' lang='lat' dir='ltr'><strong>quaro</strong></span> <span class='ocrx_word' id='word_1_46' title='bbox 1133 783 1244 851; x_wconf 86' lang='lat' dir='ltr'><strong>nostris</strong></span> <span class='ocrx_word' id='word_1_47' title='bbox 1261 783 1293 855; x_wconf 88' lang='lat' dir='ltr'><strong>in</strong></span> 
     </span>
     <span class='ocr_line' id='line_1_7' title="bbox 83 870 1291 957; baseline -0.002 -20"><span class='ocrx_word' id='word_1_48' title='bbox 83 872 205 939; x_wconf 85' lang='lat' dir='ltr'><strong>ecelesiis</strong></span> <span class='ocrx_word' id='word_1_49' title='bbox 236 881 369 949; x_wconf 82' lang='lat' dir='ltr'><strong>tuemur,</strong></span> <span class='ocrx_word' id='word_1_50' title='bbox 401 870 528 945; x_wconf 82' lang='lat' dir='ltr'><strong>eutuiuru</strong></span> <span class='ocrx_word' id='word_1_51' title='bbox 554 879 600 935; x_wconf 88' lang='lat' dir='ltr'><strong>cst</strong></span> <span class='ocrx_word' id='word_1_52' title='bbox 622 871 826 957; x_wconf 87' lang='lat' dir='ltr'><strong>antiquissima</strong></span> <span class='ocrx_word' id='word_1_53' title='bbox 861 882 890 935; x_wconf 86' lang='lat' dir='ltr'><strong>ct</strong></span> <span class='ocrx_word' id='word_1_54' title='bbox 912 871 1086 957; x_wconf 87' lang='lat' dir='ltr'><strong>apostoliea.</strong></span> <span class='ocrx_word' id='word_1_55' title='bbox 1138 873 1291 941; x_wconf 83' lang='lat' dir='ltr'><strong>Habemus</strong></span> 
     </span>
     <span class='ocr_line' id='line_1_8' title="bbox 82 957 1293 1046; baseline -0.002 -23"><span class='ocrx_word' id='word_1_56' title='bbox 82 960 151 1027; x_wconf 86' lang='lat' dir='ltr'><strong>illam</strong></span> <span class='ocrx_word' id='word_1_57' title='bbox 167 958 299 1041; x_wconf 87' lang='lat' dir='ltr'><strong>prolecto</strong></span> <span class='ocrx_word' id='word_1_58' title='bbox 315 959 353 1025; x_wconf 88' lang='lat' dir='ltr'><strong>ab</strong></span> <span class='ocrx_word' id='word_1_59' title='bbox 370 957 443 1045; x_wconf 85' lang='lat' dir='ltr'><strong>ipsis</strong></span> <span class='ocrx_word' id='word_1_60' title='bbox 460 958 604 1040; x_wconf 85' lang='lat' dir='ltr'><strong>apostolis</strong></span> <span class='ocrx_word' id='word_1_61' title='bbox 621 957 652 1023; x_wconf 90' lang='lat' dir='ltr'><strong>iu</strong></span> <span class='ocrx_word' id='word_1_62' title='bbox 668 959 825 1025; x_wconf 84' lang='lat' dir='ltr'><strong>aeclesiam</strong></span> <span class='ocrx_word' id='word_1_63' title='bbox 843 957 1005 1045; x_wconf 84' lang='lat' dir='ltr'><strong>inuectam,</strong></span> <span class='ocrx_word' id='word_1_64' title='bbox 1026 961 1065 1021; x_wconf 88' lang='lat' dir='ltr'><strong>ab</strong></span> <span class='ocrx_word' id='word_1_65' title='bbox 1083 958 1154 1023; x_wconf 84' lang='lat' dir='ltr'><strong>uicis</strong></span> <span class='ocrx_word' id='word_1_66' title='bbox 1170 962 1293 1046; x_wconf 89' lang='lat' dir='ltr'><strong>aposto-</strong></span> 
     </span>
     <span class='ocr_line' id='line_1_9' title="bbox 83 1045 1294 1131; baseline -0.001 -22"><span class='ocrx_word' id='word_1_67' title='bbox 83 1046 140 1113; x_wconf 89' lang='lat' dir='ltr'><strong>licis</strong></span> <span class='ocrx_word' id='word_1_68' title='bbox 161 1051 358 1129; x_wconf 80' lang='lat' dir='ltr'><strong>adpostenos</strong></span> <span class='ocrx_word' id='word_1_69' title='bbox 383 1048 554 1119; x_wconf 80' lang='lat' dir='ltr'><strong>traductam.</strong></span> <span class='ocrx_word' id='word_1_70' title='bbox 600 1046 696 1131; x_wconf 82' lang='lat' dir='ltr'><strong>Missa</strong></span> <span class='ocrx_word' id='word_1_71' title='bbox 719 1069 788 1113; x_wconf 88' lang='lat' dir='ltr'><strong>uero</strong></span> <span class='ocrx_word' id='word_1_72' title='bbox 812 1046 1044 1130; x_wconf 82' lang='lat' dir='ltr'><strong>pontificiorum,</strong></span> <span class='ocrx_word' id='word_1_73' title='bbox 1069 1045 1294 1129; x_wconf 74' lang='lat' dir='ltr'><strong>cujes‘senioe</strong></span> 
     </span>
     <span class='ocr_line' id='line_1_10' title="bbox 84 1134 1293 1219; baseline -0.003 -20"><span class='ocrx_word' id='word_1_74' title='bbox 84 1155 152 1205; x_wconf 74' lang='lat' dir='ltr'><strong>saec,</strong></span> <span class='ocrx_word' id='word_1_75' title='bbox 167 1134 216 1201; x_wconf 90' lang='lat' dir='ltr'><strong>ltt.</strong></span> <span class='ocrx_word' id='word_1_76' title='bbox 235 1135 285 1201; x_wconf 82' lang='lat' dir='ltr'><strong>tv.</strong></span> <span class='ocrx_word' id='word_1_77' title='bbox 306 1144 334 1197; x_wconf 85' lang='lat' dir='ltr'><strong>ct</strong></span> <span class='ocrx_word' id='word_1_78' title='bbox 351 1135 385 1200; x_wconf 79' lang='lat' dir='ltr'><strong>t.</strong></span> <span class='ocrx_word' id='word_1_79' title='bbox 402 1155 508 1216; x_wconf 86' lang='lat' dir='ltr'><strong>sparsa</strong></span> <span class='ocrx_word' id='word_1_80' title='bbox 525 1143 609 1209; x_wconf 88' lang='lat' dir='ltr'><strong>sunt,</strong></span> <span class='ocrx_word' id='word_1_81' title='bbox 632 1156 692 1199; x_wconf 88' lang='lat' dir='ltr'><strong>see.</strong></span> <span class='ocrx_word' id='word_1_82' title='bbox 711 1135 893 1211; x_wconf 62' lang='lat' dir='ltr'><strong>Videndum</strong></span> <span class='ocrx_word' id='word_1_83' title='bbox 920 1147 965 1207; x_wconf 84' lang='lat' dir='ltr'><strong>est</strong></span> <span class='ocrx_word' id='word_1_84' title='bbox 987 1135 1064 1201; x_wconf 87' lang='lat' dir='ltr'><strong>edita</strong></span> <span class='ocrx_word' id='word_1_85' title='bbox 1088 1157 1123 1197; x_wconf 90' lang='lat' dir='ltr'><strong>ac</strong></span> <span class='ocrx_word' id='word_1_86' title='bbox 1147 1135 1293 1219; x_wconf 87' lang='lat' dir='ltr'><strong>supersti-</strong></span> 
     </span>
     <span class='ocr_line' id='line_1_11' title="bbox 84 1220 1293 1309; baseline 0.002 -28"><span class='ocrx_word' id='word_1_87' title='bbox 84 1221 195 1285; x_wconf 78' lang='lat' dir='ltr'><strong>tionibus</strong></span> <span class='ocrx_word' id='word_1_88' title='bbox 211 1222 356 1304; x_wconf 88' lang='lat' dir='ltr'><strong>uorisquc</strong></span> <span class='ocrx_word' id='word_1_89' title='bbox 373 1221 477 1287; x_wconf 86' lang='lat' dir='ltr'><strong>ritibus</strong></span> <span class='ocrx_word' id='word_1_90' title='bbox 493 1243 637 1287; x_wconf 89' lang='lat' dir='ltr'><strong>successa</strong></span> <span class='ocrx_word' id='word_1_91' title='bbox 655 1224 794 1304; x_wconf 82' lang='lat' dir='ltr'><strong>temperis</strong></span> <span class='ocrx_word' id='word_1_92' title='bbox 811 1231 909 1289; x_wconf 87' lang='lat' dir='ltr'><strong>aucla.</strong></span> <span class='ocrx_word' id='word_1_93' title='bbox 936 1258 974 1269; x_wconf 88' lang='lat'>—</span> <span class='ocrx_word' id='word_1_94' title='bbox 1001 1223 1029 1305; x_wconf 54' lang='grc' dir='ltr'><strong>ᾗ.</strong></span> <span class='ocrx_word' id='word_1_95' title='bbox 1047 1223 1077 1285; x_wconf 87' lang='grc'><strong>3.</strong></span> <span class='ocrx_word' id='word_1_96' title='bbox 1093 1220 1236 1309; x_wconf 73' lang='lat' dir='ltr'><strong>Pelagius</strong></span> <span class='ocrx_word' id='word_1_97' title='bbox 1255 1220 1293 1285; x_wconf 91' lang='lat' dir='ltr'><strong>ll.</strong></span> 
     </span>
     <span class='ocr_line' id='line_1_12' title="bbox 84 1309 1292 1389; baseline 0.002 -18"><span class='ocrx_word' id='word_1_98' title='bbox 84 1309 176 1375; x_wconf 85' lang='lat' dir='ltr'><strong>Pontii.</strong></span> <span class='ocrx_word' id='word_1_99' title='bbox 193 1311 231 1389; x_wconf 71' lang='lat' dir='ltr'><strong>R,</strong></span> <span class='ocrx_word' id='word_1_100' title='bbox 250 1320 282 1375; x_wconf 91' lang='lat' dir='ltr'><strong>ut</strong></span> <span class='ocrx_word' id='word_1_101' title='bbox 299 1309 438 1375; x_wconf 82' lang='lat' dir='ltr'><strong>memoria</strong></span> <span class='ocrx_word' id='word_1_102' title='bbox 456 1309 658 1381; x_wconf 82' lang='lat' dir='ltr'><strong>defunctorum</strong></span> <span class='ocrx_word' id='word_1_103' title='bbox 676 1311 705 1379; x_wconf 89' lang='lat' dir='ltr'><strong>in</strong></span> <span class='ocrx_word' id='word_1_104' title='bbox 723 1311 800 1377; x_wconf 92' lang='lat' dir='ltr'><strong>omni</strong></span> <span class='ocrx_word' id='word_1_105' title='bbox 815 1311 909 1374; x_wconf 88' lang='lat' dir='ltr'><strong>&#39;nrissa</strong></span> <span class='ocrx_word' id='word_1_106' title='bbox 925 1310 1017 1389; x_wconf 86' lang='lat' dir='ltr'><strong>fieret,</strong></span> <span class='ocrx_word' id='word_1_107' title='bbox 1034 1310 1191 1377; x_wconf 81' lang='lat' dir='ltr'><strong>ordinarit.</strong></span> <span class='ocrx_word' id='word_1_108' title='bbox 1221 1311 1292 1383; x_wconf 79' lang='lat' dir='ltr'><strong>See.</strong></span> 
     </span>
     <span class='ocr_line' id='line_1_13' title="bbox 85 1396 1293 1487; baseline -0.001 -26"><span class='ocrx_word' id='word_1_109' title='bbox 85 1397 136 1465; x_wconf 73' lang='lat' dir='ltr'><strong>tlt·</strong></span> <span class='ocrx_word' id='word_1_110' title='bbox 159 1396 229 1465; x_wconf 80' lang='lat' dir='ltr'><strong>hece</strong></span> <span class='ocrx_word' id='word_1_111' title='bbox 246 1397 459 1480; x_wconf 75' lang='lat' dir='ltr'><strong>sanctimoniae</strong></span> <span class='ocrx_word' id='word_1_112' title='bbox 483 1398 565 1465; x_wconf 86' lang='lat' dir='ltr'><strong>larun</strong></span> <span class='ocrx_word' id='word_1_113' title='bbox 589 1409 616 1465; x_wconf 87' lang='lat' dir='ltr'><strong>et</strong></span> <span class='ocrx_word' id='word_1_114' title='bbox 641 1399 755 1463; x_wconf 86' lang='lat' dir='ltr'><strong>ethnica</strong></span> <span class='ocrx_word' id='word_1_115' title='bbox 775 1420 881 1483; x_wconf 84' lang='lat' dir='ltr'><strong>pompa</strong></span> <span class='ocrx_word' id='word_1_116' title='bbox 906 1396 1200 1487; x_wconf 77' lang='lat' dir='ltr'><strong>Constantinopolin,</strong></span> <span class='ocrx_word' id='word_1_117' title='bbox 1232 1399 1293 1461; x_wconf 83' lang='lat' dir='ltr'><strong>An·</strong></span> 
     </span>
     <span class='ocr_line' id='line_1_14' title="bbox 85 1482 1293 1573; baseline 0.003 -28"><span class='ocrx_word' id='word_1_118' title='bbox 85 1483 179 1563; x_wconf 83' lang='lat' dir='ltr'><strong>gliarn,</strong></span> <span class='ocrx_word' id='word_1_119' title='bbox 203 1485 366 1551; x_wconf 81' lang='lat' dir='ltr'><strong>Saxoniaun</strong></span> <span class='ocrx_word' id='word_1_120' title='bbox 391 1485 526 1567; x_wconf 82' lang='lat' dir='ltr'><strong>aliasque</strong></span> <span class='ocrx_word' id='word_1_121' title='bbox 549 1497 644 1553; x_wconf 86' lang='lat' dir='ltr'><strong>terras</strong></span> <span class='ocrx_word' id='word_1_122' title='bbox 668 1487 826 1572; x_wconf 78' lang='lat' dir='ltr'><strong>perrogari</strong></span> <span class='ocrx_word' id='word_1_123' title='bbox 851 1487 958 1573; x_wconf 90' lang='lat' dir='ltr'><strong>coepit.</strong></span> <span class='ocrx_word' id='word_1_124' title='bbox 1005 1483 1140 1551; x_wconf 85' lang='lat' dir='ltr'><strong>Eleuatio</strong></span> <span class='ocrx_word' id='word_1_125' title='bbox 1159 1482 1293 1568; x_wconf 77' lang='lat' dir='ltr'><strong>&#39;simplex</strong></span> 
     </span>
     <span class='ocr_line' id='line_1_15' title="bbox 86 1570 1292 1659; baseline 0.002 -28"><span class='ocrx_word' id='word_1_126' title='bbox 86 1571 213 1651; x_wconf 77' lang='lat' dir='ltr'><strong>migrabat</strong></span> <span class='ocrx_word' id='word_1_127' title='bbox 235 1573 333 1654; x_wconf 79' lang='lat' dir='ltr'><strong>magis</strong></span> <span class='ocrx_word' id='word_1_128' title='bbox 358 1572 512 1659; x_wconf 82' lang='lat' dir='ltr'><strong>magisque</strong></span> <span class='ocrx_word' id='word_1_129' title='bbox 536 1570 566 1641; x_wconf 88' lang='lat' dir='ltr'><strong>iu</strong></span> <span class='ocrx_word' id='word_1_130' title='bbox 591 1574 831 1659; x_wconf 72' lang='lat' dir='ltr'><strong>superstitiones,</strong></span> <span class='ocrx_word' id='word_1_131' title='bbox 861 1596 926 1641; x_wconf 84' lang='lat' dir='ltr'><strong>curru</strong></span> <span class='ocrx_word' id='word_1_132' title='bbox 950 1573 1121 1651; x_wconf 80' lang='lat' dir='ltr'><strong>adoratione</strong></span> <span class='ocrx_word' id='word_1_133' title='bbox 1140 1583 1169 1643; x_wconf 86' lang='lat' dir='ltr'><strong>et</strong></span> <span class='ocrx_word' id='word_1_134' title='bbox 1192 1572 1292 1657; x_wconf 77' lang='lat' dir='ltr'><strong>gonu-</strong></span> 
     </span>
     <span class='ocr_line' id='line_1_16' title="bbox 85 1658 1354 1745; baseline 0.002 -26"><span class='ocrx_word' id='word_1_135' title='bbox 85 1658 193 1725; x_wconf 87' lang='lat' dir='ltr'><strong>tlexiene</strong></span> <span class='ocrx_word' id='word_1_136' title='bbox 217 1661 403 1745; x_wconf 75' lang='lat' dir='ltr'><strong>coniunctas.</strong></span> <span class='ocrx_word' id='word_1_137' title='bbox 448 1661 532 1733; x_wconf 83' lang='lat' dir='ltr'><strong>Unde</strong></span> <span class='ocrx_word' id='word_1_138' title='bbox 553 1661 707 1741; x_wconf 59' lang='lat' dir='ltr'><strong>,missatica</strong></span> <span class='ocrx_word' id='word_1_139' title='bbox 733 1662 879 1729; x_wconf 83' lang='lat' dir='ltr'><strong>sacrificia</strong></span> <span class='ocrx_word' id='word_1_140' title='bbox 903 1673 932 1726; x_wconf 89' lang='lat' dir='ltr'><strong>et</strong></span> <span class='ocrx_word' id='word_1_141' title='bbox 952 1661 1094 1725; x_wconf 81' lang='lat' dir='ltr'><strong>theatrica</strong></span> <span class='ocrx_word' id='word_1_142' title='bbox 1122 1661 1294 1743; x_wconf 86' lang='lat' dir='ltr'><strong>spectacula</strong></span> <span class='ocrx_word' id='word_1_143' title='bbox 1351 1697 1354 1703; x_wconf 94' lang='lat'>·</span> 
     </span>
     <span class='ocr_line' id='line_1_17' title="bbox 86 1745 1292 1837; baseline 0.004 -31"><span class='ocrx_word' id='word_1_144' title='bbox 86 1745 291 1820; x_wconf 83' lang='lat' dir='ltr'><strong>inuulesuelruul</strong></span> <span class='ocrx_word' id='word_1_145' title='bbox 319 1759 347 1812; x_wconf 86' lang='lat' dir='ltr'><strong>et</strong></span> <span class='ocrx_word' id='word_1_146' title='bbox 370 1749 465 1816; x_wconf 83' lang='lat' dir='ltr'><strong>inuios</strong></span> <span class='ocrx_word' id='word_1_147' title='bbox 482 1751 665 1817; x_wconf 73' lang='lat' dir='ltr'><strong>crescebant.</strong></span> <span class='ocrx_word' id='word_1_148' title='bbox 711 1751 800 1819; x_wconf 80' lang='lat' dir='ltr'><strong>Certe</strong></span> <span class='ocrx_word' id='word_1_149' title='bbox 819 1750 942 1823; x_wconf 79' lang='lat' dir='ltr'><strong>elevatio</strong></span> <span class='ocrx_word' id='word_1_150' title='bbox 960 1751 1058 1837; x_wconf 83' lang='lat' dir='ltr'><strong>panis,</strong></span> <span class='ocrx_word' id='word_1_151' title='bbox 1074 1771 1160 1832; x_wconf 83' lang='lat' dir='ltr'><strong>quarn</strong></span> <span class='ocrx_word' id='word_1_152' title='bbox 1178 1750 1292 1815; x_wconf 83' lang='lat' dir='ltr'><strong>ueteres</strong></span> 
     </span>
     <span class='ocr_line' id='line_1_18' title="bbox 85 1832 1293 1921; baseline 0.002 -26"><span class='ocrx_word' id='word_1_153' title='bbox 85 1832 153 1897; x_wconf 89' lang='lat' dir='ltr'><strong>initio</strong></span> <span class='ocrx_word' id='word_1_154' title='bbox 173 1838 209 1898; x_wconf 89' lang='lat' dir='ltr'><strong>ab</strong></span> <span class='ocrx_word' id='word_1_155' title='bbox 226 1836 375 1907; x_wconf 78' lang='lat' dir='ltr'><strong>Hebraeis</strong></span> <span class='ocrx_word' id='word_1_156' title='bbox 395 1837 471 1901; x_wconf 79' lang='lat' dir='ltr'><strong>leand</strong></span> <span class='ocrx_word' id='word_1_157' title='bbox 492 1836 580 1907; x_wconf 85' lang='lat' dir='ltr'><strong>dubie</strong></span> <span class='ocrx_word' id='word_1_158' title='bbox 602 1838 720 1907; x_wconf 84' lang='lat' dir='ltr'><strong>fuer-aul</strong></span> <span class='ocrx_word' id='word_1_159' title='bbox 744 1840 883 1918; x_wconf 82' lang='lat' dir='ltr'><strong>mutuati,</strong></span> <span class='ocrx_word' id='word_1_160' title='bbox 912 1849 1049 1921; x_wconf 88' lang='lat' dir='ltr'><strong>tanquam</strong></span> <span class='ocrx_word' id='word_1_161' title='bbox 1074 1838 1159 1903; x_wconf 88' lang='lat' dir='ltr'><strong>ritrrnt</strong></span> <span class='ocrx_word' id='word_1_162' title='bbox 1177 1841 1293 1920; x_wconf 86' lang='lat' dir='ltr'><strong>absque</strong></span> 
     </span>
     <span class='ocr_line' id='line_1_19' title="bbox 86 1920 1293 2013; baseline 0 -26"><span class='ocrx_word' id='word_1_163' title='bbox 86 1923 275 1998; x_wconf 75' lang='lat' dir='ltr'><strong>teontexime</strong></span> <span class='ocrx_word' id='word_1_164' title='bbox 302 1925 448 1991; x_wconf 85' lang='lat' dir='ltr'><strong>adorabili</strong></span> <span class='ocrx_word' id='word_1_165' title='bbox 476 1937 504 1989; x_wconf 88' lang='lat' dir='ltr'><strong>et</strong></span> <span class='ocrx_word' id='word_1_166' title='bbox 529 1925 741 2006; x_wconf 81' lang='lat' dir='ltr'><strong>superstitione</strong></span> <span class='ocrx_word' id='word_1_167' title='bbox 764 1938 931 2009; x_wconf 86' lang='lat' dir='ltr'><strong>pernotum,</strong></span> <span class='ocrx_word' id='word_1_168' title='bbox 957 1947 1018 1997; x_wconf 77' lang='lat' dir='ltr'><strong>seo,</strong></span> <span class='ocrx_word' id='word_1_169' title='bbox 1036 1926 1207 2013; x_wconf 86' lang='lat' dir='ltr'><strong>praesertim</strong></span> <span class='ocrx_word' id='word_1_170' title='bbox 1227 1920 1293 1990; x_wconf 83' lang='lat' dir='ltr'><strong>vtt.</strong></span> 
     </span>
     <span class='ocr_line' id='line_1_20' title="bbox 87 2009 1293 2097; baseline 0.003 -28"><span class='ocrx_word' id='word_1_171' title='bbox 87 2010 210 2075; x_wconf 85' lang='lat' dir='ltr'><strong>transibat</strong></span> <span class='ocrx_word' id='word_1_172' title='bbox 233 2011 264 2073; x_wconf 91' lang='lat' dir='ltr'><strong>io</strong></span> <span class='ocrx_word' id='word_1_173' title='bbox 285 2032 416 2097; x_wconf 83' lang='lat' dir='ltr'><strong>pompas</strong></span> <span class='ocrx_word' id='word_1_174' title='bbox 435 2009 594 2085; x_wconf 76' lang='lat' dir='ltr'><strong>theatrales</strong></span> <span class='ocrx_word' id='word_1_175' title='bbox 618 2023 647 2081; x_wconf 87' lang='lat' dir='ltr'><strong>et</strong></span> <span class='ocrx_word' id='word_1_176' title='bbox 664 2015 859 2097; x_wconf 84' lang='lat' dir='ltr'><strong>sequentibus</strong></span> <span class='ocrx_word' id='word_1_177' title='bbox 877 2012 990 2085; x_wconf 88' lang='lat' dir='ltr'><strong>seculis</strong></span> <span class='ocrx_word' id='word_1_178' title='bbox 1009 2013 1094 2079; x_wconf 85' lang='lat' dir='ltr'><strong>novis</strong></span> <span class='ocrx_word' id='word_1_179' title='bbox 1113 2013 1218 2079; x_wconf 87' lang='lat' dir='ltr'><strong>ritibus</strong></span> <span class='ocrx_word' id='word_1_180' title='bbox 1236 2034 1293 2090; x_wconf 50' lang='lat' dir='ltr'><strong>auf</strong></span> 
     </span>
     <span class='ocr_line' id='line_1_21' title="bbox 87 2098 1293 2189; baseline 0.002 -31"><span class='ocrx_word' id='word_1_181' title='bbox 87 2098 193 2176; x_wconf 73' lang='lat' dir='ltr'><strong>gebatur</strong></span> <span class='ocrx_word' id='word_1_182' title='bbox 214 2110 303 2185; x_wconf 78' lang='lat' dir='ltr'><strong>atrpue</strong></span> <span class='ocrx_word' id='word_1_183' title='bbox 327 2101 483 2174; x_wconf 86' lang='lat' dir='ltr'><strong>sordibus,</strong></span> <span class='ocrx_word' id='word_1_184' title='bbox 507 2099 609 2165; x_wconf 87' lang='lat' dir='ltr'><strong>nascio</strong></span> <span class='ocrx_word' id='word_1_185' title='bbox 634 2100 758 2189; x_wconf 86' lang='lat' dir='ltr'><strong>quibus,</strong></span> <span class='ocrx_word' id='word_1_186' title='bbox 785 2102 967 2167; x_wconf 82' lang='lat' dir='ltr'><strong>ethnicorum</strong></span> <span class='ocrx_word' id='word_1_187' title='bbox 987 2101 1092 2169; x_wconf 81' lang='lat' dir='ltr'><strong>anirum</strong></span> <span class='ocrx_word' id='word_1_188' title='bbox 1112 2102 1148 2161; x_wconf 66' lang='lat' dir='ltr'><strong>&#39;in</strong></span> <span class='ocrx_word' id='word_1_189' title='bbox 1176 2102 1293 2175; x_wconf 74' lang='lat' dir='ltr'><strong>nundum</strong></span> 
     </span>
     <span class='ocr_line' id='line_1_22' title="bbox 89 2187 1292 2269; baseline 0.001 -20"><span class='ocrx_word' id='word_1_190' title='bbox 89 2188 335 2269; x_wconf 71' lang='lat' dir='ltr'><strong>eoncunrealuntnr.</strong></span> <span class='ocrx_word' id='word_1_191' title='bbox 378 2188 448 2255; x_wconf 78' lang='lat' dir='ltr'><strong>Sao,</strong></span> <span class='ocrx_word' id='word_1_192' title='bbox 466 2187 547 2249; x_wconf 90' lang='lat' dir='ltr'><strong>Xlll.</strong></span> <span class='ocrx_word' id='word_1_193' title='bbox 571 2188 602 2249; x_wconf 89' lang='lat' dir='ltr'><strong>iu</strong></span> <span class='ocrx_word' id='word_1_194' title='bbox 627 2188 753 2255; x_wconf 83' lang='lat' dir='ltr'><strong>coneilio</strong></span> <span class='ocrx_word' id='word_1_195' title='bbox 776 2189 948 2266; x_wconf 84' lang='lat' dir='ltr'><strong>Viennensi,</strong></span> <span class='ocrx_word' id='word_1_196' title='bbox 976 2209 1004 2252; x_wconf 85' lang='lat' dir='ltr'><strong>a.</strong></span> <span class='ocrx_word' id='word_1_197' title='bbox 1029 2188 1065 2255; x_wconf 78' lang='lat' dir='ltr'><strong>C·</strong></span> <span class='ocrx_word' id='word_1_198' title='bbox 1084 2188 1177 2261; x_wconf 78' lang='lat' dir='ltr'><strong>latu.</strong></span> <span class='ocrx_word' id='word_1_199' title='bbox 1210 2189 1292 2268; x_wconf 79' lang='lat' dir='ltr'><strong>Reg-</strong></span> 
     </span>
    </p>
   </div>
   <div class='ocr_carea' id='block_1_3' title="bbox 89 2270 1402 2359">
    <p class='ocr_par' dir='ltr' id='par_1_3' title="bbox 89 2270 1402 2359">
     <span class='ocr_line' id='line_1_23' title="bbox 89 2270 1402 2359; baseline 0.004 -26"><span class='ocrx_word' id='word_1_200' title='bbox 89 2270 155 2337; x_wconf 88' lang='lat' dir='ltr'><strong>bardi</strong></span> <span class='ocrx_word' id='word_1_201' title='bbox 174 2283 202 2337; x_wconf 90' lang='lat' dir='ltr'><strong>et</strong></span> <span class='ocrx_word' id='word_1_202' title='bbox 215 2273 371 2359; x_wconf 78' lang='lat' dir='ltr'><strong>Beguiaae</strong></span> <span class='ocrx_word' id='word_1_203' title='bbox 389 2275 612 2352; x_wconf 81' lang='lat' dir='ltr'><strong>damnabantur,</strong></span> <span class='ocrx_word' id='word_1_204' title='bbox 629 2278 706 2359; x_wconf 83' lang='lat' dir='ltr'><strong>quod</strong></span> <span class='ocrx_word' id='word_1_205' title='bbox 725 2287 842 2359; x_wconf 84' lang='lat' dir='ltr'><strong>praeter</strong></span> <span class='ocrx_word' id='word_1_206' title='bbox 859 2276 1000 2359; x_wconf 87' lang='lat' dir='ltr'><strong>plurimos</strong></span> <span class='ocrx_word' id='word_1_207' title='bbox 1018 2295 1133 2341; x_wconf 89' lang='lat' dir='ltr'><strong>errores</strong></span> <span class='ocrx_word' id='word_1_208' title='bbox 1153 2278 1188 2337; x_wconf 92' lang='lat' dir='ltr'><strong>ad</strong></span> <span class='ocrx_word' id='word_1_209' title='bbox 1206 2275 1293 2339; x_wconf 89' lang='lat' dir='ltr'><strong>nolae</strong></span> <span class='ocrx_word' id='word_1_210' title='bbox 1396 2344 1402 2357; x_wconf 19' lang='grc' dir='ltr'><strong>Ν</strong></span> 
     </span>
    </p>
   </div>
   <div class='ocr_carea' id='block_1_4' title="bbox 90 2362 1392 4030">
    <p class='ocr_par' dir='ltr' id='par_1_4' title="bbox 90 2362 1392 4030">
     <span class='ocr_line' id='line_1_24' title="bbox 90 2362 1295 2448; baseline 0.001 -23"><span class='ocrx_word' id='word_1_211' title='bbox 90 2377 175 2427; x_wconf 83' lang='lat' dir='ltr'><strong>sunau</strong></span> <span class='ocrx_word' id='word_1_212' title='bbox 191 2383 255 2429; x_wconf 88' lang='lat' dir='ltr'><strong>oum</strong></span> <span class='ocrx_word' id='word_1_213' title='bbox 265 2363 487 2441; x_wconf 79' lang='lat' dir='ltr'><strong>monstrantia,</strong></span> <span class='ocrx_word' id='word_1_214' title='bbox 512 2384 598 2444; x_wconf 85' lang='lat' dir='ltr'><strong>quam</strong></span> <span class='ocrx_word' id='word_1_215' title='bbox 618 2374 722 2429; x_wconf 85' lang='lat' dir='ltr'><strong>uocant</strong></span> <span class='ocrx_word' id='word_1_216' title='bbox 735 2364 764 2435; x_wconf 89' lang='lat' dir='ltr'><strong>in</strong></span> <span class='ocrx_word' id='word_1_217' title='bbox 784 2373 901 2448; x_wconf 88' lang='lat' dir='ltr'><strong>papatu,</strong></span> <span class='ocrx_word' id='word_1_218' title='bbox 918 2362 1099 2443; x_wconf 85' lang='lat' dir='ltr'><strong>eleuaretur,</strong></span> <span class='ocrx_word' id='word_1_219' title='bbox 1121 2362 1295 2445; x_wconf 77' lang='lat' dir='ltr'><strong>surgerent</strong></span> 
     </span>
     <span class='ocr_line' id='line_1_25' title="bbox 92 2450 1309 2542; baseline 0.004 -33"><span class='ocrx_word' id='word_1_220' title='bbox 92 2465 172 2526; x_wconf 77' lang='lat' dir='ltr'><strong>genua</strong></span> <span class='ocrx_word' id='word_1_221' title='bbox 191 2450 311 2517; x_wconf 81' lang='lat' dir='ltr'><strong>tectore</strong></span> <span class='ocrx_word' id='word_1_222' title='bbox 328 2455 518 2529; x_wconf 80' lang='lat' dir='ltr'><strong>recusarent,</strong></span> <span class='ocrx_word' id='word_1_223' title='bbox 544 2473 629 2532; x_wconf 79' lang='lat' dir='ltr'><strong>quern</strong></span> <span class='ocrx_word' id='word_1_224' title='bbox 645 2461 746 2530; x_wconf 83' lang='lat' dir='ltr'><strong>tanuen</strong></span> <span class='ocrx_word' id='word_1_225' title='bbox 759 2453 868 2519; x_wconf 83' lang='lat' dir='ltr'><strong>ercitum</strong></span> <span class='ocrx_word' id='word_1_226' title='bbox 887 2452 1015 2519; x_wconf 86' lang='lat' dir='ltr'><strong>ecelesia</strong></span> <span class='ocrx_word' id='word_1_227' title='bbox 1030 2452 1151 2517; x_wconf 85' lang='lat' dir='ltr'><strong>romana</strong></span> <span class='ocrx_word' id='word_1_228' title='bbox 1169 2452 1309 2542; x_wconf 50' lang='lat' dir='ltr'><strong>praeca</strong></span> 
     </span>
     <span class='ocr_line' id='line_1_26' title="bbox 91 2534 1311 2626; baseline 0.006 -29"><span class='ocrx_word' id='word_1_229' title='bbox 91 2548 167 2613; x_wconf 81' lang='lat' dir='ltr'><strong>uerat.</strong></span> <span class='ocrx_word' id='word_1_230' title='bbox 190 2538 268 2612; x_wconf 63' lang='lat' dir='ltr'><strong>‘Sed</strong></span> <span class='ocrx_word' id='word_1_231' title='bbox 288 2539 341 2602; x_wconf 88' lang='lat' dir='ltr'><strong>diu</strong></span> <span class='ocrx_word' id='word_1_232' title='bbox 356 2540 417 2623; x_wconf 85' lang='lat' dir='ltr'><strong>jaun</strong></span> <span class='ocrx_word' id='word_1_233' title='bbox 434 2551 500 2606; x_wconf 84' lang='lat' dir='ltr'><strong>aute</strong></span> <span class='ocrx_word' id='word_1_234' title='bbox 517 2538 591 2614; x_wconf 88' lang='lat' dir='ltr'><strong>iltuu</strong></span> <span class='ocrx_word' id='word_1_235' title='bbox 617 2552 731 2626; x_wconf 86' lang='lat' dir='ltr'><strong>ternpus</strong></span> <span class='ocrx_word' id='word_1_236' title='bbox 749 2534 972 2624; x_wconf 77' lang='lat' dir='ltr'><strong>cipcoducper&#39;nu</strong></span> <span class='ocrx_word' id='word_1_237' title='bbox 996 2542 1166 2624; x_wconf 83' lang='lat' dir='ltr'><strong>superstitio</strong></span> <span class='ocrx_word' id='word_1_238' title='bbox 1193 2542 1311 2614; x_wconf 12' lang='lat' dir='ltr'><strong>iocre-A</strong></span> 
     </span>
     <span class='ocr_line' id='line_1_27' title="bbox 91 2628 1293 2714; baseline 0.001 -22"><span class='ocrx_word' id='word_1_239' title='bbox 91 2633 198 2694; x_wconf 73' lang='lat' dir='ltr'><strong>bibulum</strong></span> <span class='ocrx_word' id='word_1_240' title='bbox 214 2629 311 2709; x_wconf 83' lang='lat' dir='ltr'><strong>cepit,</strong></span> <span class='ocrx_word' id='word_1_241' title='bbox 335 2628 461 2692; x_wconf 84' lang='lat' dir='ltr'><strong>maxime</strong></span> <span class='ocrx_word' id='word_1_242' title='bbox 486 2647 550 2693; x_wconf 84' lang='lat' dir='ltr'><strong>eunt</strong></span> <span class='ocrx_word' id='word_1_243' title='bbox 569 2630 722 2698; x_wconf 86' lang='lat' dir='ltr'><strong>aceederut</strong></span> <span class='ocrx_word' id='word_1_244' title='bbox 745 2630 832 2692; x_wconf 90' lang='lat' dir='ltr'><strong>uolac</strong></span> <span class='ocrx_word' id='word_1_245' title='bbox 848 2630 893 2693; x_wconf 86' lang='lat' dir='ltr'><strong>uel</strong></span> <span class='ocrx_word' id='word_1_246' title='bbox 911 2628 1105 2714; x_wconf 81' lang='lat' dir='ltr'><strong>campanulae</strong></span> <span class='ocrx_word' id='word_1_247' title='bbox 1123 2631 1159 2692; x_wconf 95' lang='lat' dir='ltr'><strong>ad</strong></span> <span class='ocrx_word' id='word_1_248' title='bbox 1177 2628 1293 2693; x_wconf 86' lang='lat' dir='ltr'><strong>hestiae</strong></span> 
     </span>
     <span class='ocr_line' id='line_1_28' title="bbox 92 2709 1294 2799; baseline 0.008 -30"><span class='ocrx_word' id='word_1_249' title='bbox 92 2709 262 2784; x_wconf 73' lang='lat' dir='ltr'><strong>elevationem</strong></span> <span class='ocrx_word' id='word_1_250' title='bbox 280 2715 368 2792; x_wconf 83' lang='lat' dir='ltr'><strong>ritus,</strong></span> <span class='ocrx_word' id='word_1_251' title='bbox 380 2716 429 2798; x_wconf 83' lang='lat' dir='ltr'><strong>qui</strong></span> <span class='ocrx_word' id='word_1_252' title='bbox 447 2716 590 2782; x_wconf 85' lang='lat' dir='ltr'><strong>hactenus</strong></span> <span class='ocrx_word' id='word_1_253' title='bbox 604 2727 635 2786; x_wconf 87' lang='lat' dir='ltr'><strong>ut</strong></span> <span class='ocrx_word' id='word_1_254' title='bbox 650 2715 778 2798; x_wconf 83' lang='lat' dir='ltr'><strong>simplex</strong></span> <span class='ocrx_word' id='word_1_255' title='bbox 796 2721 979 2781; x_wconf 91' lang='lat' dir='ltr'><strong>consuetudo</strong></span> <span class='ocrx_word' id='word_1_256' title='bbox 996 2718 1169 2799; x_wconf 85' lang='lat' dir='ltr'><strong>quibusdam</strong></span> <span class='ocrx_word' id='word_1_257' title='bbox 1187 2716 1294 2790; x_wconf 85' lang='lat' dir='ltr'><strong>saltem</strong></span> 
     </span>
     <span class='ocr_line' id='line_1_29' title="bbox 90 2793 1293 2890; baseline 0.009 -33"><span class='ocrx_word' id='word_1_258' title='bbox 90 2793 257 2866; x_wconf 57' lang='lat' dir='ltr'><strong>eccelesiis</strong></span> <span class='ocrx_word' id='word_1_259' title='bbox 283 2805 362 2866; x_wconf 87' lang='lat' dir='ltr'><strong>haud</strong></span> <span class='ocrx_word' id='word_1_260' title='bbox 389 2803 476 2868; x_wconf 89' lang='lat' dir='ltr'><strong>dubie</strong></span> <span class='ocrx_word' id='word_1_261' title='bbox 500 2804 635 2868; x_wconf 86' lang='lat' dir='ltr'><strong>latuerat.</strong></span> <span class='ocrx_word' id='word_1_262' title='bbox 669 2805 832 2870; x_wconf 78' lang='lat' dir='ltr'><strong>Bernartius</strong></span> <span class='ocrx_word' id='word_1_263' title='bbox 854 2806 907 2890; x_wconf 87' lang='lat' dir='ltr'><strong>(de</strong></span> <span class='ocrx_word' id='word_1_264' title='bbox 931 2806 976 2872; x_wconf 86' lang='lat' dir='ltr'><strong>rit.</strong></span> <span class='ocrx_word' id='word_1_265' title='bbox 994 2806 1103 2869; x_wconf 76' lang='lat' dir='ltr'><strong>eccles</strong></span> <span class='ocrx_word' id='word_1_266' title='bbox 1121 2807 1151 2866; x_wconf 88' lang='lat'><strong>2.</strong></span> <span class='ocrx_word' id='word_1_267' title='bbox 1168 2805 1236 2886; x_wconf 79' lang='lat'><strong>40.)</strong></span> <span class='ocrx_word' id='word_1_268' title='bbox 1255 2825 1293 2868; x_wconf 86' lang='lat' dir='ltr'><strong>ex</strong></span> 
     </span>
     <span class='ocr_line' id='line_1_30' title="bbox 91 2882 1392 2975; baseline 0.008 -30"><span class='ocrx_word' id='word_1_269' title='bbox 91 2882 217 2952; x_wconf 79' lang='lat' dir='ltr'><strong>dauclcro</strong></span> <span class='ocrx_word' id='word_1_270' title='bbox 244 2891 337 2953; x_wconf 82' lang='lat' dir='ltr'><strong>refert</strong></span> <span class='ocrx_word' id='word_1_271' title='bbox 359 2893 395 2953; x_wconf 89' lang='lat' dir='ltr'><strong>ad</strong></span> <span class='ocrx_word' id='word_1_272' title='bbox 414 2913 462 2956; x_wconf 88' lang='lat' dir='ltr'><strong>aa.</strong></span> <span class='ocrx_word' id='word_1_273' title='bbox 485 2890 577 2958; x_wconf 82' lang='lat'>1240.</span> <span class='ocrx_word' id='word_1_274' title='bbox 596 2892 773 2972; x_wconf 78' lang='lat' dir='ltr'><strong>Gregoriuuu</strong></span> <span class='ocrx_word' id='word_1_275' title='bbox 794 2894 843 2958; x_wconf 85' lang='lat' dir='ltr'><strong>tx.</strong></span> <span class='ocrx_word' id='word_1_276' title='bbox 868 2894 1027 2972; x_wconf 75' lang='lat' dir='ltr'><strong>statuisse,</strong></span> <span class='ocrx_word' id='word_1_277' title='bbox 1053 2897 1089 2955; x_wconf 90' lang='lat' dir='ltr'><strong>nd</strong></span> <span class='ocrx_word' id='word_1_278' title='bbox 1114 2894 1247 2975; x_wconf 89' lang='lat' dir='ltr'><strong>eorporis</strong></span> <span class='ocrx_word' id='word_1_279' title='bbox 1265 2903 1295 2955; x_wconf 90' lang='lat' dir='ltr'><strong>et</strong></span> <span class='ocrx_word' id='word_1_280' title='bbox 1390 2935 1392 2937; x_wconf 28' lang='grc' dir='ltr'>ψ</span> 
     </span>
     <span class='ocr_line' id='line_1_31' title="bbox 91 2974 1295 3063; baseline 0.004 -27"><span class='ocrx_word' id='word_1_281' title='bbox 91 2974 225 3056; x_wconf 78' lang='lat' dir='ltr'><strong>sauguinis</strong></span> <span class='ocrx_word' id='word_1_282' title='bbox 243 2976 356 3042; x_wconf 78' lang='lat' dir='ltr'><strong>Christi</strong></span> <span class='ocrx_word' id='word_1_283' title='bbox 378 2979 630 3044; x_wconf 85' lang='lat' dir='ltr'><strong>consecrationem</strong></span> <span class='ocrx_word' id='word_1_284' title='bbox 657 3001 818 3059; x_wconf 89' lang='lat' dir='ltr'><strong>campanas</strong></span> <span class='ocrx_word' id='word_1_285' title='bbox 841 2980 972 3063; x_wconf 85' lang='lat' dir='ltr'><strong>pulsari,</strong></span> <span class='ocrx_word' id='word_1_286' title='bbox 996 3001 1039 3046; x_wconf 85' lang='lat' dir='ltr'><strong>se.</strong></span> <span class='ocrx_word' id='word_1_287' title='bbox 1064 2990 1096 3042; x_wconf 89' lang='lat' dir='ltr'><strong>ut</strong></span> <span class='ocrx_word' id='word_1_288' title='bbox 1112 2982 1238 3062; x_wconf 87' lang='lat' dir='ltr'><strong>populos</strong></span> <span class='ocrx_word' id='word_1_289' title='bbox 1254 2983 1295 3041; x_wconf 90' lang='lat' dir='ltr'><strong>ad</strong></span> 
     </span>
     <span class='ocr_line' id='line_1_32' title="bbox 92 3062 1293 3157; baseline 0.005 -33"><span class='ocrx_word' id='word_1_290' title='bbox 92 3062 327 3157; x_wconf 62' lang='lat' dir='ltr'><strong>praeconantem</strong></span> <span class='ocrx_word' id='word_1_291' title='bbox 347 3069 548 3136; x_wconf 84' lang='lat' dir='ltr'><strong>admoncatur.</strong></span> <span class='ocrx_word' id='word_1_292' title='bbox 579 3065 725 3132; x_wconf 86' lang='lat' dir='ltr'><strong>Pontificii</strong></span> <span class='ocrx_word' id='word_1_293' title='bbox 744 3089 811 3130; x_wconf 84' lang='lat' dir='ltr'><strong>uero</strong></span> <span class='ocrx_word' id='word_1_294' title='bbox 832 3067 1012 3130; x_wconf 81' lang='lat' dir='ltr'><strong>incutiuntur</strong></span> <span class='ocrx_word' id='word_1_295' title='bbox 1026 3068 1157 3149; x_wconf 78' lang='lat' dir='ltr'><strong>egregie,</strong></span> <span class='ocrx_word' id='word_1_296' title='bbox 1176 3070 1293 3149; x_wconf 89' lang='lat' dir='ltr'><strong>quando</strong></span> 
     </span>
     <span class='ocr_line' id='line_1_33' title="bbox 92 3148 1295 3230; baseline 0.005 -21"><span class='ocrx_word' id='word_1_297' title='bbox 92 3164 115 3210; x_wconf 87' lang='lat' dir='ltr'><strong>ur</strong></span> <span class='ocrx_word' id='word_1_298' title='bbox 129 3148 228 3230; x_wconf 76' lang='lat' dir='ltr'><strong>Synod.</strong></span> <span class='ocrx_word' id='word_1_299' title='bbox 244 3153 331 3218; x_wconf 78' lang='lat' dir='ltr'><strong>&#39;triu</strong></span> <span class='ocrx_word' id='word_1_300' title='bbox 348 3155 434 3224; x_wconf 81' lang='lat' dir='ltr'><strong>sess.</strong></span> <span class='ocrx_word' id='word_1_301' title='bbox 453 3155 503 3220; x_wconf 82' lang='lat'><strong>13.</strong></span> <span class='ocrx_word' id='word_1_302' title='bbox 521 3156 550 3217; x_wconf 76' lang='grc' dir='ltr'><strong>ὁ,</strong></span> <span class='ocrx_word' id='word_1_303' title='bbox 561 3154 677 3223; x_wconf 70' lang='grc' dir='ltr'><strong>,οιιΙιιιιιι</strong></span> <span class='ocrx_word' id='word_1_304' title='bbox 700 3155 806 3222; x_wconf 90' lang='lat' dir='ltr'><strong>latriae</strong></span> <span class='ocrx_word' id='word_1_305' title='bbox 824 3154 956 3217; x_wconf 84' lang='lat' dir='ltr'><strong>exhiberi</strong></span> <span class='ocrx_word' id='word_1_306' title='bbox 973 3158 1009 3218; x_wconf 90' lang='lat' dir='ltr'><strong>ab</strong></span> <span class='ocrx_word' id='word_1_307' title='bbox 1026 3155 1161 3220; x_wconf 84' lang='lat' dir='ltr'><strong>ornuilrus</strong></span> <span class='ocrx_word' id='word_1_308' title='bbox 1182 3155 1295 3218; x_wconf 89' lang='lat' dir='ltr'><strong>Clrristi</strong></span> 
     </span>
     <span class='ocr_line' id='line_1_34' title="bbox 92 3229 1309 3333; baseline 0.007 -39"><span class='ocrx_word' id='word_1_309' title='bbox 92 3229 208 3333; x_wconf 72' lang='lat' dir='ltr'><strong>lidelibus</strong></span> <span class='ocrx_word' id='word_1_310' title='bbox 223 3246 275 3328; x_wconf 85' lang='lat' dir='ltr'><strong>pro</strong></span> <span class='ocrx_word' id='word_1_311' title='bbox 301 3264 381 3308; x_wconf 87' lang='lat' dir='ltr'><strong>more</strong></span> <span class='ocrx_word' id='word_1_312' title='bbox 412 3243 441 3316; x_wconf 84' lang='lat' dir='ltr'><strong>in</strong></span> <span class='ocrx_word' id='word_1_313' title='bbox 459 3241 603 3307; x_wconf 87' lang='lat' dir='ltr'><strong>catholica</strong></span> <span class='ocrx_word' id='word_1_314' title='bbox 624 3242 754 3312; x_wconf 17' lang='lat' dir='ltr'><strong>&gt;ecelesia</strong></span> <span class='ocrx_word' id='word_1_315' title='bbox 777 3265 893 3327; x_wconf 88' lang='lat' dir='ltr'><strong>semper</strong></span> <span class='ocrx_word' id='word_1_316' title='bbox 917 3251 1033 3325; x_wconf 85' lang='lat' dir='ltr'><strong>recepto</strong></span> <span class='ocrx_word' id='word_1_317' title='bbox 1058 3244 1207 3320; x_wconf 77' lang='lat' dir='ltr'><strong>scribunt,</strong></span> <span class='ocrx_word' id='word_1_318' title='bbox 1235 3242 1309 3319; x_wconf 79' lang='lat' dir='ltr'><strong>nisi‘</strong></span> 
     </span>
     <span class='ocr_line' id='line_1_35' title="bbox 91 3321 1295 3418; baseline 0.002 -26"><span class='ocrx_word' id='word_1_319' title='bbox 91 3321 115 3382; x_wconf 78' lang='lat' dir='ltr'><strong>li</strong></span> <span class='ocrx_word' id='word_1_320' title='bbox 134 3327 265 3406; x_wconf 82' lang='lat' dir='ltr'><strong>uapicolis</strong></span> <span class='ocrx_word' id='word_1_321' title='bbox 288 3327 392 3410; x_wconf 82' lang='lat' dir='ltr'><strong>largiri</strong></span> <span class='ocrx_word' id='word_1_322' title='bbox 417 3330 509 3407; x_wconf 84' lang='lat' dir='ltr'><strong>uelis,</strong></span> <span class='ocrx_word' id='word_1_323' title='bbox 535 3333 632 3414; x_wconf 80' lang='lat' dir='ltr'><strong>quod,</strong></span> <span class='ocrx_word' id='word_1_324' title='bbox 659 3353 696 3398; x_wconf 91' lang='lat' dir='ltr'><strong>ne</strong></span> <span class='ocrx_word' id='word_1_325' title='bbox 712 3332 782 3418; x_wconf 83' lang='lat' dir='ltr'><strong>quid</strong></span> <span class='ocrx_word' id='word_1_326' title='bbox 799 3332 1037 3411; x_wconf 85' lang='lat' dir='ltr'><strong>dissimulemus,</strong></span> <span class='ocrx_word' id='word_1_327' title='bbox 1062 3337 1241 3396; x_wconf 85' lang='lat' dir='ltr'><strong>subnectunt</strong></span> <span class='ocrx_word' id='word_1_328' title='bbox 1258 3334 1295 3394; x_wconf 92' lang='lat' dir='ltr'><strong>de</strong></span> 
     </span>
     <span class='ocr_line' id='line_1_36' title="bbox 93 3409 1295 3502; baseline 0.006 -28"><span class='ocrx_word' id='word_1_329' title='bbox 93 3409 217 3479; x_wconf 81' lang='lat' dir='ltr'><strong>catholico</strong></span> <span class='ocrx_word' id='word_1_330' title='bbox 241 3417 377 3495; x_wconf 81' lang='lat' dir='ltr'><strong>aeclesia,</strong></span> <span class='ocrx_word' id='word_1_331' title='bbox 406 3419 432 3482; x_wconf 91' lang='lat' dir='ltr'><strong>si</strong></span> <span class='ocrx_word' id='word_1_332' title='bbox 454 3440 511 3481; x_wconf 85' lang='lat' dir='ltr'><strong>uox</strong></span> <span class='ocrx_word' id='word_1_333' title='bbox 527 3440 631 3500; x_wconf 87' lang='lat' dir='ltr'><strong>nempe</strong></span> <span class='ocrx_word' id='word_1_334' title='bbox 648 3419 793 3486; x_wconf 81' lang='lat' dir='ltr'><strong>calholica</strong></span> <span class='ocrx_word' id='word_1_335' title='bbox 817 3433 950 3486; x_wconf 86' lang='lat' dir='ltr'><strong>sumatur</strong></span> <span class='ocrx_word' id='word_1_336' title='bbox 971 3415 1139 3502; x_wconf 74' lang='lat' dir='ltr'><strong>leyops&#39;roru</strong></span> <span class='ocrx_word' id='word_1_337' title='bbox 1155 3413 1184 3481; x_wconf 91' lang='lat' dir='ltr'><strong>in</strong></span> <span class='ocrx_word' id='word_1_338' title='bbox 1203 3441 1295 3492; x_wconf 87' lang='lat' dir='ltr'><strong>sensu</strong></span> 
     </span>
     <span class='ocr_line' id='line_1_37' title="bbox 94 3493 1294 3598; baseline 0.003 -32"><span class='ocrx_word' id='word_1_339' title='bbox 94 3493 235 3598; x_wconf 72' lang='lat' dir='ltr'><strong>fluusioni.</strong></span> <span class='ocrx_word' id='word_1_340' title='bbox 263 3497 495 3590; x_wconf 57' lang='lat' dir='ltr'><strong>idpcoincpeleu</strong></span> <span class='ocrx_word' id='word_1_341' title='bbox 512 3506 692 3594; x_wconf 86' lang='lat' dir='ltr'><strong>superstitio,</strong></span> <span class='ocrx_word' id='word_1_342' title='bbox 709 3529 770 3572; x_wconf 90' lang='lat' dir='ltr'><strong>una</strong></span> <span class='ocrx_word' id='word_1_343' title='bbox 786 3529 852 3572; x_wconf 86' lang='lat' dir='ltr'><strong>eum</strong></span> <span class='ocrx_word' id='word_1_344' title='bbox 871 3506 995 3591; x_wconf 87' lang='lat' dir='ltr'><strong>reliquis</strong></span> <span class='ocrx_word' id='word_1_345' title='bbox 1012 3507 1294 3588; x_wconf 86' lang='lat' dir='ltr'><strong>abominationibus,</strong></span> 
     </span>
     <span class='ocr_line' id='line_1_38' title="bbox 94 3589 1374 3688; baseline 0.004 -38"><span class='ocrx_word' id='word_1_346' title='bbox 94 3593 176 3688; x_wconf 72' lang='lat' dir='ltr'><strong>ulique</strong></span> <span class='ocrx_word' id='word_1_347' title='bbox 191 3612 255 3662; x_wconf 83' lang='lat' dir='ltr'><strong>eum</strong></span> <span class='ocrx_word' id='word_1_348' title='bbox 272 3593 426 3671; x_wconf 80' lang='lat' dir='ltr'><strong>certatim,</strong></span> <span class='ocrx_word' id='word_1_349' title='bbox 444 3595 472 3660; x_wconf 84' lang='lat' dir='ltr'><strong>ln.</strong></span> <span class='ocrx_word' id='word_1_350' title='bbox 490 3615 526 3683; x_wconf 75' lang='lat' dir='ltr'><strong>e„</strong></span> <span class='ocrx_word' id='word_1_351' title='bbox 543 3616 666 3662; x_wconf 86' lang='lat' dir='ltr'><strong>romana</strong></span> <span class='ocrx_word' id='word_1_352' title='bbox 682 3596 819 3676; x_wconf 79' lang='lat' dir='ltr'><strong>eeclesia,</strong></span> <span class='ocrx_word' id='word_1_353' title='bbox 844 3604 938 3662; x_wconf 88' lang='lat' dir='ltr'><strong>ortum</strong></span> <span class='ocrx_word' id='word_1_354' title='bbox 954 3594 1067 3671; x_wconf 91' lang='lat' dir='ltr'><strong>habuit,</strong></span> <span class='ocrx_word' id='word_1_355' title='bbox 1085 3594 1209 3662; x_wconf 86' lang='lat' dir='ltr'><strong>simulac</strong></span> <span class='ocrx_word' id='word_1_356' title='bbox 1229 3597 1295 3657; x_wconf 81' lang='lat' dir='ltr'><strong>etto-</strong></span> <span class='ocrx_word' id='word_1_357' title='bbox 1371 3589 1374 3596; x_wconf 82' lang='grc'><em>’</em></span> 
     </span>
     <span class='ocr_line' id='line_1_39' title="bbox 94 3682 1294 3764; baseline 0.009 -29"><span class='ocrx_word' id='word_1_358' title='bbox 94 3687 216 3742; x_wconf 74' lang='lat' dir='ltr'><strong>tentemus</strong></span> <span class='ocrx_word' id='word_1_359' title='bbox 241 3701 307 3748; x_wconf 87' lang='lat' dir='ltr'><strong>enm</strong></span> <span class='ocrx_word' id='word_1_360' title='bbox 335 3682 552 3750; x_wconf 87' lang='lat' dir='ltr'><strong>christianismo</strong></span> <span class='ocrx_word' id='word_1_361' title='bbox 585 3683 832 3753; x_wconf 79' lang='lat' dir='ltr'><strong>commisceretur,</strong></span> <span class='ocrx_word' id='word_1_362' title='bbox 897 3685 927 3744; x_wconf 92' lang='lat' dir='ltr'><strong>ld</strong></span> <span class='ocrx_word' id='word_1_363' title='bbox 958 3702 1075 3764; x_wconf 84' lang='lat' dir='ltr'><strong>quoque</strong></span> <span class='ocrx_word' id='word_1_364' title='bbox 1104 3682 1294 3764; x_wconf 81' lang='lat' dir='ltr'><strong>verissimum</strong></span> 
     </span>
     <span class='ocr_line' id='line_1_40' title="bbox 96 3767 1294 3859; baseline 0.003 -30"><span class='ocrx_word' id='word_1_365' title='bbox 96 3768 146 3859; x_wconf 63' lang='lat' dir='ltr'><strong>lli,</strong></span> <span class='ocrx_word' id='word_1_366' title='bbox 167 3767 312 3850; x_wconf 83' lang='lat' dir='ltr'><strong>papicolas</strong></span> <span class='ocrx_word' id='word_1_367' title='bbox 329 3771 490 3838; x_wconf 84' lang='lat' dir='ltr'><strong>acerrimos</strong></span> <span class='ocrx_word' id='word_1_368' title='bbox 506 3772 609 3840; x_wconf 88' lang='lat' dir='ltr'><strong>lrarurn</strong></span> <span class='ocrx_word' id='word_1_369' title='bbox 634 3771 875 3854; x_wconf 86' lang='lat' dir='ltr'><strong>superstitionum</strong></span> <span class='ocrx_word' id='word_1_370' title='bbox 892 3770 1065 3836; x_wconf 87' lang='lat' dir='ltr'><strong>rleleusores</strong></span> <span class='ocrx_word' id='word_1_371' title='bbox 1083 3790 1199 3855; x_wconf 85' lang='lat' dir='ltr'><strong>semper</strong></span> <span class='ocrx_word' id='word_1_372' title='bbox 1216 3769 1294 3843; x_wconf 87' lang='lat' dir='ltr'><strong>exti-</strong></span> 
     </span>
     <span class='ocr_line' id='line_1_41' title="bbox 96 3855 1294 3954; baseline 0.013 -47"><span class='ocrx_word' id='word_1_373' title='bbox 96 3855 167 3928; x_wconf 84' lang='lat' dir='ltr'><strong>tuer,</strong></span> <span class='ocrx_word' id='word_1_374' title='bbox 184 3867 282 3934; x_wconf 84' lang='lat' dir='ltr'><strong>eontra</strong></span> <span class='ocrx_word' id='word_1_375' title='bbox 305 3858 518 3928; x_wconf 87' lang='lat' dir='ltr'><strong>institutionem</strong></span> <span class='ocrx_word' id='word_1_376' title='bbox 537 3859 645 3928; x_wconf 78' lang='lat' dir='ltr'><strong>curisti</strong></span> <span class='ocrx_word' id='word_1_377' title='bbox 664 3870 692 3928; x_wconf 90' lang='lat' dir='ltr'><strong>ct</strong></span> <span class='ocrx_word' id='word_1_378' title='bbox 706 3860 814 3941; x_wconf 80' lang='lat' dir='ltr'><strong>penaio</strong></span> <span class='ocrx_word' id='word_1_379' title='bbox 832 3857 961 3942; x_wconf 87' lang='lat' dir='ltr'><strong>purioris</strong></span> <span class='ocrx_word' id='word_1_380' title='bbox 979 3857 1136 3921; x_wconf 90' lang='lat' dir='ltr'><strong>ecelesiae.</strong></span> <span class='ocrx_word' id='word_1_381' title='bbox 1182 3860 1294 3954; x_wconf 61' lang='lat' dir='ltr'><strong>Georg.</strong></span> 
     </span>
     <span class='ocr_line' id='line_1_42' title="bbox 96 3927 1364 4030; baseline 0.009 -31"><span class='ocrx_word' id='word_1_382' title='bbox 96 3927 252 4028; x_wconf 72' lang='lat' dir='ltr'><strong>Cassander,</strong></span> <span class='ocrx_word' id='word_1_383' title='bbox 269 3947 318 4028; x_wconf 85' lang='lat' dir='ltr'><strong>qui</strong></span> <span class='ocrx_word' id='word_1_384' title='bbox 334 3946 488 4030; x_wconf 75' lang='lat' dir='ltr'><strong>liturgias</strong></span> <span class='ocrx_word' id='word_1_385' title='bbox 506 3948 644 4014; x_wconf 79' lang='lat' dir='ltr'><strong>Veterum</strong></span> <span class='ocrx_word' id='word_1_386' title='bbox 662 3945 891 4030; x_wconf 74' lang='lat' dir='ltr'><strong>diligentissime</strong></span> <span class='ocrx_word' id='word_1_387' title='bbox 913 3945 1046 4027; x_wconf 87' lang='lat' dir='ltr'><strong>collegit,</strong></span> <span class='ocrx_word' id='word_1_388' title='bbox 1063 3948 1094 4010; x_wconf 93' lang='lat' dir='ltr'><strong>in</strong></span> <span class='ocrx_word' id='word_1_389' title='bbox 1112 3946 1293 4022; x_wconf 76' lang='lat' dir='ltr'><strong>Graecorum</strong></span> <span class='ocrx_word' id='word_1_390' title='bbox 1361 3955 1364 3960; x_wconf 82' lang='grc'><strong>’</strong></span> 
     </span>
    </p>
   </div>
   <div class='ocr_carea' id='block_1_5' title="bbox 94 4023 1295 4206">
    <p class='ocr_par' dir='ltr' id='par_1_5' title="bbox 94 4023 1295 4206">
     <span class='ocr_line' id='line_1_43' title="bbox 97 4023 1294 4128; baseline 0.002 -34"><span class='ocrx_word' id='word_1_391' title='bbox 97 4028 120 4082; x_wconf 78' lang='lat' dir='ltr'><strong>ll</strong></span> <span class='ocrx_word' id='word_1_392' title='bbox 131 4023 290 4102; x_wconf 76' lang='lat' dir='ltr'><strong>bettmrem</strong></span> <span class='ocrx_word' id='word_1_393' title='bbox 308 4035 427 4122; x_wconf 86' lang='lat' dir='ltr'><strong>seriptis</strong></span> <span class='ocrx_word' id='word_1_394' title='bbox 443 4057 481 4100; x_wconf 87' lang='lat' dir='ltr'><strong>ne</strong></span> <span class='ocrx_word' id='word_1_395' title='bbox 496 4025 553 4120; x_wconf 76' lang='lat' dir='ltr'><strong>ypsi</strong></span> <span class='ocrx_word' id='word_1_396' title='bbox 570 4036 686 4118; x_wconf 80' lang='lat' dir='ltr'><strong>quidem</strong></span> <span class='ocrx_word' id='word_1_397' title='bbox 713 4037 749 4102; x_wconf 86' lang='lat' dir='ltr'><strong>dc</strong></span> <span class='ocrx_word' id='word_1_398' title='bbox 765 4037 937 4114; x_wconf 88' lang='lat' dir='ltr'><strong>adoratione</strong></span> <span class='ocrx_word' id='word_1_399' title='bbox 953 4036 1010 4100; x_wconf 82' lang='lat' dir='ltr'><strong>leae</strong></span> <span class='ocrx_word' id='word_1_400' title='bbox 1032 4035 1160 4113; x_wconf 83' lang='lat' dir='ltr'><strong>inuenit,</strong></span> <span class='ocrx_word' id='word_1_401' title='bbox 1186 4036 1294 4128; x_wconf 74' lang='lat' dir='ltr'><strong>quippe</strong></span> 
     </span>
     <span class='ocr_line' id='line_1_44' title="bbox 94 4117 1295 4206; baseline 0.004 -27"><span class='ocrx_word' id='word_1_402' title='bbox 94 4124 168 4187; x_wconf 73' lang='lat' dir='ltr'><strong>blau</strong></span> <span class='ocrx_word' id='word_1_403' title='bbox 186 4117 312 4190; x_wconf 81' lang='lat' dir='ltr'><strong>ecelesia</strong></span> <span class='ocrx_word' id='word_1_404' title='bbox 330 4123 493 4206; x_wconf 80' lang='lat' dir='ltr'><strong>orthodoxa</strong></span> <span class='ocrx_word' id='word_1_405' title='bbox 508 4123 537 4198; x_wconf 88' lang='lat' dir='ltr'><strong>iu</strong></span> <span class='ocrx_word' id='word_1_406' title='bbox 556 4134 645 4190; x_wconf 84' lang='lat' dir='ltr'><strong>toturn</strong></span> <span class='ocrx_word' id='word_1_407' title='bbox 662 4124 819 4206; x_wconf 72' lang='lat' dir='ltr'><strong>ignorarit.</strong></span> <span class='ocrx_word' id='word_1_408' title='bbox 857 4125 1016 4188; x_wconf 81' lang='lat' dir='ltr'><strong>Adducunt</strong></span> <span class='ocrx_word' id='word_1_409' title='bbox 1039 4123 1178 4205; x_wconf 84' lang='lat' dir='ltr'><strong>pontificii</strong></span> <span class='ocrx_word' id='word_1_410' title='bbox 1195 4123 1295 4196; x_wconf 86' lang='lat' dir='ltr'><strong>loeuur</strong></span> 
     </span>
    </p>
   </div>
   <div class='ocr_carea' id='block_1_6' title="bbox 97 4197 1366 4625">
    <p class='ocr_par' dir='ltr' id='par_1_6' title="bbox 97 4197 1366 4625">
     <span class='ocr_line' id='line_1_45' title="bbox 98 4197 1295 4296; baseline 0.014 -41"><span class='ocrx_word' id='word_1_411' title='bbox 98 4197 407 4293; x_wconf 76' lang='lat' dir='ltr'><strong>axPscudo-Ilionysio</strong></span> <span class='ocrx_word' id='word_1_412' title='bbox 425 4207 500 4278; x_wconf 83' lang='lat' dir='ltr'><strong>deco</strong></span> <span class='ocrx_word' id='word_1_413' title='bbox 522 4211 614 4296; x_wconf 76' lang='lat' dir='ltr'><strong>agita,</strong></span> <span class='ocrx_word' id='word_1_414' title='bbox 630 4212 787 4278; x_wconf 85' lang='lat' dir='ltr'><strong>Hierarclr.</strong></span> <span class='ocrx_word' id='word_1_415' title='bbox 805 4212 912 4285; x_wconf 82' lang='lat' dir='ltr'><strong>eccles.</strong></span> <span class='ocrx_word' id='word_1_416' title='bbox 928 4235 954 4278; x_wconf 84' lang='lat' dir='ltr'><strong>c.</strong></span> <span class='ocrx_word' id='word_1_417' title='bbox 972 4213 1011 4276; x_wconf 83' lang='lat'><strong>3:</strong></span> <span class='ocrx_word' id='word_1_418' title='bbox 1034 4212 1155 4275; x_wconf 89' lang='lat' dir='ltr'><strong>Obteeta</strong></span> <span class='ocrx_word' id='word_1_419' title='bbox 1173 4231 1295 4274; x_wconf 88' lang='lat' dir='ltr'><strong>munera</strong></span> 
     </span>
     <span class='ocr_line' id='line_1_46' title="bbox 98 4234 1295 4386; baseline 0.003 -27"><span class='ocrx_word' id='word_1_420' title='bbox 98 4288 210 4385; x_wconf 59' lang='lat' dir='ltr'><strong>luntilcx</strong></span> <span class='ocrx_word' id='word_1_421' title='bbox 226 4300 359 4374; x_wconf 84' lang='lat' dir='ltr'><strong>ostendit,</strong></span> <span class='ocrx_word' id='word_1_422' title='bbox 379 4301 429 4362; x_wconf 87' lang='lat' dir='ltr'><strong>ubi</strong></span> <span class='ocrx_word' id='word_1_423' title='bbox 441 4234 636 4382; x_wconf 70' lang='lat' dir='ltr'><strong>arripueras</strong></span> <span class='ocrx_word' id='word_1_424' title='bbox 653 4302 718 4386; x_wconf 86' lang='lat' dir='ltr'><strong>ejus</strong></span> <span class='ocrx_word' id='word_1_425' title='bbox 731 4301 933 4364; x_wconf 85' lang='lat' dir='ltr'><strong>Scholiastesr</strong></span> <span class='ocrx_word' id='word_1_426' title='bbox 950 4292 1001 4360; x_wconf 73' lang='grc' dir='ltr'><strong>ὑπ’</strong></span> <span class='ocrx_word' id='word_1_427' title='bbox 1021 4291 1097 4377; x_wconf 79' lang='lat' dir='ltr'><strong>dunno</strong></span> <span class='ocrx_word' id='word_1_428' title='bbox 1112 4291 1188 4380; x_wconf 73' lang='lat' dir='ltr'><strong>dyst.</strong></span> <span class='ocrx_word' id='word_1_429' title='bbox 1224 4299 1295 4378; x_wconf 83' lang='lat' dir='ltr'><strong>Sed,</strong></span> 
     </span>
     <span class='ocr_line' id='line_1_47' title="bbox 100 4379 1366 4474; baseline -0.003 -19"><span class='ocrx_word' id='word_1_430' title='bbox 100 4386 122 4430; x_wconf 71' lang='lat'><strong>⁸¹</strong></span> <span class='ocrx_word' id='word_1_431' title='bbox 137 4379 256 4467; x_wconf 73' lang='lat' dir='ltr'><strong>llbluil</strong></span> <span class='ocrx_word' id='word_1_432' title='bbox 270 4386 406 4453; x_wconf 86' lang='lat' dir='ltr'><strong>Patribus</strong></span> <span class='ocrx_word' id='word_1_433' title='bbox 422 4387 596 4464; x_wconf 82' lang='lat' dir='ltr'><strong>orthndoxis</strong></span> <span class='ocrx_word' id='word_1_434' title='bbox 613 4388 737 4454; x_wconf 80' lang='lat' dir='ltr'><strong>elevatio</strong></span> <span class='ocrx_word' id='word_1_435' title='bbox 754 4388 841 4474; x_wconf 87' lang='lat' dir='ltr'><strong>panis</strong></span> <span class='ocrx_word' id='word_1_436' title='bbox 858 4398 886 4452; x_wconf 90' lang='lat' dir='ltr'><strong>et</strong></span> <span class='ocrx_word' id='word_1_437' title='bbox 901 4386 1075 4463; x_wconf 84' lang='lat' dir='ltr'><strong>reuerentia,</strong></span> <span class='ocrx_word' id='word_1_438' title='bbox 1092 4390 1169 4467; x_wconf 90' lang='lat' dir='ltr'><strong>quod</strong></span> <span class='ocrx_word' id='word_1_439' title='bbox 1186 4397 1294 4463; x_wconf 85' lang='lat' dir='ltr'><strong>tameo,</strong></span> <span class='ocrx_word' id='word_1_440' title='bbox 1363 4387 1366 4396; x_wconf 75' lang='grc'><em>’</em></span> 
     </span>
     <span class='ocr_line' id='line_1_48' title="bbox 97 4464 1296 4625; baseline -0.003 -85"><span class='ocrx_word' id='word_1_441' title='bbox 97 4474 154 4530; x_wconf 83' lang='lat' dir='ltr'><strong>num</strong></span> <span class='ocrx_word' id='word_1_442' title='bbox 175 4464 259 4540; x_wconf 77' lang='lat' dir='ltr'><strong>fitteris</strong></span> <span class='ocrx_word' id='word_1_443' title='bbox 282 4476 473 4544; x_wconf 86' lang='lat' dir='ltr'><strong>destituamur</strong></span> <span class='ocrx_word' id='word_1_444' title='bbox 495 4477 694 4562; x_wconf 68' lang='lat' dir='ltr'><strong>argumentis,</strong></span> <span class='ocrx_word' id='word_1_445' title='bbox 717 4476 748 4540; x_wconf 85' lang='lat' dir='ltr'><strong>in</strong></span> <span class='ocrx_word' id='word_1_446' title='bbox 773 4476 901 4544; x_wconf 87' lang='lat' dir='ltr'><strong>medium</strong></span> <span class='ocrx_word' id='word_1_447' title='bbox 923 4473 1134 4625; x_wconf 47' lang='lat' dir='ltr'><strong>reliulrpgriruus,</strong></span> <span class='ocrx_word' id='word_1_448' title='bbox 1157 4475 1296 4542; x_wconf 89' lang='lat' dir='ltr'><strong>nonfuit</strong></span> 
     </span>
    </p>
   </div>
   <div class='ocr_carea' id='block_1_7' title="bbox 0 0 1548 5075">
    <p class='ocr_par' dir='ltr' id='par_1_7' title="bbox 0 0 1548 5075">
     <span class='ocr_line' id='line_1_49' title="bbox 0 0 1548 5075; baseline 0 0"><span class='ocrx_word' id='word_1_449' title='bbox 0 0 1548 5075; x_wconf 95' lang='lat' dir='ltr'><strong> </strong></span> 
     </span>
    </p>
   </div>
  </div>
 </body>
</html>
