3067 5075
543 1073 793 1219 xnarratu.

74 1352 182 1441 Ant.
223 1353 367 1442 Frid.
407 1348 677 1472 Biiscbing
719 1353 773 1439 dc
803 1351 1180 1465 procrastinatione
1207 1356 1289 1437 ba-

219 1488 366 1602 ptismi
396 1490 509 1601 apud
539 1503 706 1576 veteres
734 1490 911 1608 ejusque
939 1487 1135 1603 cassim).

153 1744 180 1828 §.
206 1745 237 1806 l.
274 1740 496 1805 Tractationem
521 1745 557 1804 de
575 1740 712 1824 baptismi
738 1744 817 1823 apud
836 1749 950 1805 veteres
968 1743 1173 1822 procrastinati
1191 1734 1297 1807 causis

76 1828 114 1891 sic
136 1830 372 1911 instituam,·ut
394 1830 518 1915 primum
543 1833 578 1892 de
603 1831 867 1911 procrastinatione
891 1829 1029 1911 baptismi
1054 1832 1120 1914 ipsa
1143 1833 1291 1914 variisque

78 1918 201 1998 ejusdem
218 1919 380 2002 speciebus
392 1939 489 1999 agam,
508 1939 630 1999 eamque
642 1919 823 2001 antiquitatis
835 1918 1018 1980 documentis
1031 1923 1168 2000 probem3
1187 1920 1291 1982 deindo

76 2025 138 2067 reru
155 2003 267 2069 c'ausas
286 2008 417 2088 ejusdem
436 2007 563 2088 potiores
581 2007 738 2086 diligenter
753 2006 910 2086 inquiram,
932 2026 1055 2068 examen
1073 2010 1229 2070 earundem
1247 2005 1292 2068 si-

79 2093 130 2153 mul
148 2095 330 2177 suscipiens.
348 2129 389 2141 -
413 2092 441 2177 §.
459 2095 498 2156 2:
512 2090 587 2156 Rem
604 2094 700 2177 ipsam
717 2091 868 2155 dilationis
886 2094 1066 2174 baptismatis
1083 2098 1162 2178 apud
1179 2105 1292 2158 veteres

78 2182 268 2261 probaturus,
296 2182 341 2243 sic
365 2202 470 2261 agam,
495 2191 527 2242 ut
550 2181 784 2244 attentatione
803 2181 938 2263 baptismi
956 2181 1100 2247 inlautum
1124 2192 1152 2244 et
1169 2185 1204 2245 tle
1222 2204 1291 2263 prc-

76 2270 282 2346 ,crastinatiouc
301 2270 436 2351 baptismi
455 2268 619 2330 adultorum
639 2270 811 2336 edisseram.
836 2304 880 2315 -
914 2267 941 2352 §.
959 2269 989 2334 3.
1014 2269 1160 2333 lulaatuur
1179 2270 1293 2353 baptis·

80 2358 200 2435 mum**)
218 2371 337 2422 veteres
355 2357 471 2419 differre
488 2356 639 2423 solebant:
922 2359 929 2368 ⁰

97 2508 102 2519 ,
158 2445 244 2523 l)1a
262 2450 336 2507 diana
352 2447 529 2524 dominicam,
548 2466 635 2526 quam
653 2454 749 2506 tamon
764 2443 923 2526 imperator
940 2445 1152 2507 Constantinus
1168 2443 1211 2510 M.
1231 2447 1293 2528 pri·
1346 2498 1349 2505 ,

81 2549 137 2591 mus
152 2534 314 2608 constituit,
333 2534 389 2594 bac
407 2532 520 2594 ratione
538 2548 645 2611 motus,
671 2533 741 2616 quia
758 2532 821 2595 dies
839 2533 885 2595 bic
901 2532 1110 2596 resurrectioni
1128 2532 1294 2597 Servatoris

82 2618 210 2684 solemnis
229 2634 260 2684 et
277 2622 347 2682 hinc
363 2620 510 2702 spirituali
527 2620 557 2681 in
575 2620 693 2682 Christo
710 2621 927 2697 resurrectioni,
953 2623 1108 2702 baptismo,
1127 2621 1229 2684 meritc
1249 2623 1293 2683 di-

82 2718 205 2786 caretur3
232 2719 262 2772 et
290 2709 360 2791 quia
377 2720 446 2769 tuno
470 2709 705 2771 commodissime
729 2730 764 2770 ac
791 2709 999 2771 decentissime
1023 2709 1114 2771 futuri
1133 2710 1294 2771 Christiani

83 2795 186 2874 corpori
204 2797 340 2879 mystico,
358 2798 434 2878 quutl
453 2806 497 2858 est
513 2796 649 2875 ecclesia,
666 2799 877 2859 insererentur.
898 2796 943 2858 Ea
960 2796 1036 2857 anim
1056 2797 1102 2859 die
1118 2797 1190 2860 satis
1207 2819 1293 2878 mag-

83 2899 131 2941 nus
151 2904 291 2947 numerus
315 2883 465 2946 bominum
488 2904 548 2944 uno
574 2884 640 2945 loco
672 2886 709 2946 aa
736 2904 823 2947 saera
848 2882 1024 2946 celebranda
1047 2895 1293 2965 congregatorum
1369 2932 1374 2948 .

83 2968 177 3047 adest3
198 2975 280 3033 unde
299 2979 327 3032 et
342 2972 373 3031 iu
390 2993 503 3051 carpum
515 2973 575 3051 jus.
593 2993 655 3033 coa.
674 2971 829 3048 sancitum,
853 2970 916 3031 fleri
933 2971 1040 3033 debere
1058 2974 1133 3034 banc
1150 2972 1293 3034 initiatio-

84 3073 140 3115 acm
155 3057 185 3117 in
202 3057 335 3122 ecclesia
352 3079 406 3120 seu
423 3057 665 3136 matutinalium,
690 3059 720 3119 in
739 3079 824 3139 quem
840 3057 1034 3138 baptizandus
1051 3059 1248 3139 recipiendus,
1266 3068 1294 3122 et

83 3138 118 3201 ita
140 3147 238 3208 merito
266 3149 304 3208 acl
330 3156 492 3207 conventus
510 3145 743 3207 Christianorum
768 3146 907 3207 solennes
930 3143 1122 3209 differendum
1148 3144 1294 3227 essem).

85 3226 160 3303 Quor
177 3237 295 3295 omnino
312 3235 512 3315 approbamus
522 3281 534 3311 ‚,
554 3233 611 3295 nisi
628 3234 709 3297 aliud
733 3236 857 3296 suadeat
873 3234 1047 3299 necessitas.
1083 3233 1189 3296 Primis
1208 3234 1294 3298 etiam

86 3318 184 3381 seculis
200 3321 290 3384 fiebat
306 3322 470 3401 baptismus
485 3333 642 3402 praesente
658 3322 777 3405 populo,
795 3322 844 3404 qui
862 3342 966 3404 preces
981 3343 1032 3404 pro
1050 3323 1223 3404 baptizando
1242 3345 1294 3385 so-

87 3397 165 3488 elatas
182 3407 337 3488 fundebat,
355 3408 541 3471 Tertulliano
560 3418 643 3473 teste.
679 3409 758 3472 Pace
777 3410 922 3473 acclesiae
942 3432 994 3492 per
1010 3409 1233 3473 Constantinum
1250 3409 1295 3473 M.

86 3491 214 3574 restituta,
239 3495 416 3577 baptismum
433 3497 550 3578 quidem
567 3517 626 3558 non
643 3497 674 3558 in
690 3498 817 3579 templis,
841 3501 893 3560 sed
911 3520 986 3579 quae
1002 3498 1033 3559 in
1051 3497 1169 3561 illorum
1187 3497 1313 3562 vicinia*

88 3578 159 3640 erait
173 3583 352 3666 baptisteriis
361 3584 405 3664 ᾗ),
429 3594 457 3647 et
472 3584 565 3664 igitur
581 3585 713 3666 proxime
728 3588 764 3647 ad
782 3584 836 3648 illa
851 3593 990 3668 peractus
1007 3606 1044 3649 ac
1059 3588 1132 3648 adeo
1150 3606 1294 3650 necessa·
1349 3582 1359 3602 ⁸
1458 3579 1464 3591 ’

92 3716 299 3743 ,ᾕ-

146 3814 170 3880 *l
191 3820 280 3889 Pron,
301 3838 388 3892 praes.
408 3824 435 3875 S.
455 3824 479 3876 J.
500 3825 682 3890 baumgarteu,
703 3824 762 3877 Hal.
784 3823 861 3896 llll.
881 3828 906 3879 4.

146 3880 188 3948 ”l
206 3891 297 3944 Utrum
321 3892 440 3944 iniectas
460 3894 543 3960 primo
567 3897 645 3947 etiam
671 3902 698 3946 et
723 3894 892 3962 sequentibus
917 3900 984 3962 post.
1007 3892 1037 3946 C.
1060 3892 1092 3946 Ν.
1119 3909 1189 3948 seco.
1219 3911 1293 3949 sacrm

88 3944 262 4013 baronitani
283 3961 381 4013 fuerint
405 3977 438 4013 an
458 3978 522 4029 nou,
547 3980 641 4030 magua
665 3965 831 4015 contentione
857 3964 884 4035 in
901 3970 1037 4030 utramque
1058 3969 1158 4031 partem
1178 3966 1295 4033 ‹lisputa-

88 4020 135 4098 itfm
149 4032 195 4078 est.
206 4081 208 4086 ,
220 4031 396 4083 asseruerunt
414 4038 442 4082 et
457 4036 612 4085 sententiam
630 4045 702 4084 suurn
721 4033 881 4097 argumentis
897 4033 965 4083 satis
978 4034 1077 4085 idoneis
1096 4042 1124 4085 ct
1140 4034 1293 4086 lenissimis

88 4080 209 4147 lactoricis
230 4100 433 4152 corroborarunt
455 4103 651 4168 praecaeteris
673 4102 821 4153 nominandi
841 4101 871 4153 C.
892 4101 919 4152 S.
940 4100 985 4170 Cp
1018 4104 1156 4154 riamus
1180 4104 1206 4154 in
1231 4105 1294 4158 aaut.

88 4160 282 4236 raadeupams
310 4169 386 4222 lton.
413 4164 440 4221 8¹·
475 4178 502 4222 ct
534 4170 558 4224 J.
585 4170 617 4225 G.
643 4169 822 4225 Walcbius
849 4171 879 4222 in
901 4171 952 4221 bist
1035 4172 1292 4240 prenominati.

90 4224 161 4283 W.
176 4237 251 4289 aeaut
270 4237 327 4290 Jett.
349 4236 425 4291 1⁷39.
444 4240 470 4290 tl.

60 4328 66 4338 ι
150 4295 204 4364 ’ἢ
223 4306 285 4358 Can.
306 4307 348 4359 aa
369 4308 473 4358 concibi
492 4308 539 4360 alt.
560 4321 659 4361 cecum.
679 4306 799 4361 Trulluni
824 4308 887 4361 dicti
906 4310 1106 4376 suauitaurest,
1136 4309 1290 4377 baptismum

92 4367 135 4411 ³⁰¹¹
150 4364 203 4420 can
221 4374 314 4430 oetam
334 4378 361 4427 in
378 4377 486 4428 sacellis
502 4378 550 4429 seri
567 4378 679 4445 templis.
955 4435 956 4440 ,

151 4435 186 4518 ἡ),
199 4433 251 4496 aaa
269 4444 294 4497 a.
315 4445 346 4497 a.
363 4444 563 4515 enarratame
574 4448 606 4499 aa
624 4448 788 4513 ammosa
800 4456 913 4500 namn
931 4441 1167 4500 permaneas.
1189 4445 1292 4514 eaen-

94 4493 367 4582 saturarentur.
389 4527 415 4583 p.
435 4530 470 4567 ru.
489 4513 539 4568 alib
557 4527 594 4569 as.
736 4527 739 4544 ¹
