3067 5075
57 490 71 521 l

174 251 240 321 184
275 272 280 292 ⁴
621 250 687 317 XL.
728 252 757 318 l.
774 249 812 321 G·
826 248 940 316 mortu

246 429 309 480 tatis
330 442 388 480 enm
414 443 464 479 uon
489 441 564 492 esse,
591 425 652 493 quin
676 425 838 490 pravissimis
863 424 949 477 causis
975 422 1126 488 urgentibus
1151 421 1185 475 ab
1211 438 1243 475 eo
1268 423 1398 477 recedere

246 497 335 549 liceat.
371 493 428 547 Nun
453 497 520 548 enirn
539 495 613 548 modo
635 495 742 563 phrases
761 485 999 559 συνευωχοίμενοι
1018 501 1045 544 01
1063 484 1178 559 andane
1195 490 1311 551 ἑαυτοῖς
1333 510 1400 544 rror·

243 568 391 632 μαίνοντες
409 565 502 616 iterum
522 564 564 615 hic
582 565 632 615 loci
650 570 807 625 occurrnut3
834 564 879 613 sed
898 562 1016 613 Clemens
1035 562 1113 612 etiarn
1134 562 1209 612 illex.
1232 562 1347 625 (Strnm.
1368 564 1396 615 3.

246 651 273 702 p.
291 633 369 702 131.)
389 650 434 701 pro
454 634 503 684 bac
522 633 624 697 legendi
648 633 749 683 ustione
773 633 883 696 militet,
912 632 955 697 qui
974 637 1106 711 postquam
1131 631 1163 681 de
1191 645 1274 698 agape
1294 633 1400 698 Carpo·

247 711 336 755 craten
355 710 461 765 egerat,
483 703 520 753 ite
540 702 642 769 pergite
676 695 742 750 ’snt
759 698 865 751 τοῦτων
883 700 929 751 ani
951 700 1006 749 τῶν
1029 702 1137 765 operer
1154 692 1235 751 010οι
1254 717 1400 768 προφητι-

247 771 301 829 κῶς
314 767 423 821 Ἰούδαν
438 770 469 822 ἐν
490 767 670 852 tantaene]
691 767 830 833 10001000·
855 762 971 832 Ὁμοίως
985 769 1081 835 μέντοι
1099 767 1145 817 καὶ
1163 753 1239 818 οὗτοι
1262 768 1401 819 1000000-

248 832 374 906 ζόμενοι,
400 834 593 906 01001000ορ
614 838 645 907 τῇ
664 834 780 902 0110110110
800 829 1007 902 ἐπιβάλλουσιν.
1029 834 1092 898 ἕως,
1118 834 1213 886 καὶτὸ
1234 830 1328 904 σιόμα
1350 834 1402 886 01-

247 908 303 959 τῶν
321 909 393 974 λέγει
410 901 568 975 dne‘poyan:
598 906 707 957 Accedit
723 912 750 957 et
768 909 833 969 boe,
860 906 926 972 quod
944 906 1103 968 Augustinus
1129 904 1174 971 (de
1192 904 1243 956 lide
1261 914 1288 957 et
1305 909 1402 972 operi·

190 972 195 981 “
247 977 295 1028 bns
314 977 372 1038 28.)
399 978 467 1027 bunc
490 976 574 1026 locum
598 976 681 1026 citans
709 982 736 1025 ot
757 975 911 1027 dilectiones
935 976 1068 1025 nominans
1092 972 1123 1025 dr
1144 968 1270 1040 ciprinum
1295 978 1402 1044 potins,

248 1061 323 1112 quarn
342 1044 373 1096 ἐν
391 1039 510 1101 ἀπάταις
526 1045 661 1109 legendnm
680 1058 737 1095 esse
755 1044 875 1096 suadeat.

266 1200 294 1284 1.
312 1202 342 1263 3.
375 1201 460 1280 Quae
483 1210 580 1262 aulem
605 1202 640 1261 de
663 1200 728 1283 ipsa
744 1221 905 1283 agaparum
924 1199 1038 1279 origiue
1062 1198 1185 1280 prolerri
1203 1220 1222 1261 a
1242 1198 1404 1282 plerisque

179 1287 284 1368 solent,
308 1290 381 1350 adeo
399 1290 428 1350 in
447 1289 580 1351 diversas
597 1297 694 1369 partes
711 1292 830 1364 abeunt,
854 1300 886 1349 nt
901 1289 1042 1350 incertum
1061 1308 1151 1369 prope
1167 1287 1304 1349 lectorem
1325 1292 1405 1351 red-

179 1378 260 1438 dant.
298 1375 428 1438 Const.
450 1376 716 1457 L-’limperenr
738 1378 784 1456 (in
801 1377 943 1438 Middotb.
963 1376 997 1437 C.
1014 1376 1052 1438 H.
1070 1386 1141 1436 sert.
1160 1376 1190 1436 6.
1215 1397 1242 1454 p.
1260 1374 1335 1456 81.)
1366 1399 1406 1438 ex

179 1464 309 1526 moribus
325 1465 501 1526 iudaeorum
518 1463 666 1545 variisque
682 1462 801 1525 illorum
818 1464 847 1524 in
866 1462 981 1526 exedris
998 1462 1094 1542 templi
1111 1462 1252 1523 conviviis
1268 1463 1405 1525 tinxisse

179 1558 388 1615 easautnrnat.
421 1552 506 1628 Quae
524 1550 684 1629 sententia,
710 1552 999 1632 quomadiudaeos
1020 1570 1311 1630 omuernagaparnm
1335 1551 1406 1612 nri·
1464 1604 1469 1617 ‚

178 1639 277 1720 ginem
295 1638 412 1714 referat,
429 1659 583 1719 quousque
598 1636 705 1714 valeat,
721 1642 860 1717 deinceps
878 1637 1052 1699 videbimus.
1075 1637 1280 1699 Ex’conririis
1297 1639 1405 1700 Esse-

178 1747 282 1786 uornm
302 1726 418 1786 deducit
438 1745 489 1787 eae
505 1723 686 1786 Boulducins
711 1726 761 1801 (de
780 1725 885 1787 eccles.
902 1735 967 1806 post
984 1725 1079 1804 legem
1098 1723 1148 1785 12.
1175 1724 1202 1808 1.
1221 1726 1251 1785 3.
1277 1747 1304 1804 p.
1325 1726 1406 1803 89.)

180 1811 431 1893 confidenterque,
455 1814 530 1893 quod
548 1812 694 1873 Baronius
719 1812 818 1874 facere
843 1813 1040 1885 dubitaveras,
1063 1832 1175 1891 agapas
1200 1833 1236 1873 ex
1257 1812 1406 1875 convivio

179 1901 358 1962 Essenorunr
377 1897 551 1961 derivandae
569 1919 635 1962 esse
653 1898 788 1962 affirmat.
813 1936 855 1947 -
878 1901 906 1985 1.
925 1899 956 1962 4.
981 1898 1108 1962 Witsins
1124 1898 1169 1974 (iu
1185 1909 1342 1984 comment.
1363 1904 1405 1962 ad

180 2008 226 2068 cp.
241 1988 307 2049 lud.
328 2008 353 2047 r.
376 1986 425 2049 12.
442 1987 474 2048 10
491 1986 699 2050 Meletamatib.
718 1988 820 2066 Laid.)
845 2008 882 2049 ex
906 1997 987 2067 parte
1004 2005 1055 2048 eas
1073 1986 1196 2047 duxisse
1214 1986 1330 2065 judicat
1352 1989 1405 2050 rel

170 2096 217 2136 ,ex
233 2074 290 2136 1010
305 2076 480 2137 ludaeorum
498 2076 728 2151 consuetudine,
755 2095 813 2156 qna
829 2074 969 2136 deeiruam
988 2094 1131 2154 quamque
1150 2085 1256 2152 partem
1274 2075 1405 2137 obtule·

179 2171 247 2223 runt
263 2182 328 2223 cnm
341 2164 378 2223 ad
394 2165 604 2244 sustentandos
614 2162 744 2238 Levitae,
762 2170 820 2224 turn
837 2165 872 2222 ad
887 2182 1031 2242 pauperes
1044 2162 1203 2243 juvandos,
1219 2162 1405 2241 100001010-

179 2248 274 2311 tiones
291 2241 527 2329 πτωχοδεκάδας
542 2250 638 2311 101000
654 2250 818 2311 nominales
836 2271 872 2311 ex
884 2249 1061 2328 Hieronymo
1078 2251 1213 2311 observat
1225 2248 1297 2311 bar.
1310 2249 1404 2332 Ciny-

179 2347 279 2399 traens
300 2339 442 2415 (enarrat.
459 2336 489 2396 in
508 2346 615 2417 pentat.
642 2359 669 2417 p.
685 2336 774 2414 333.)
799 2337 844 2397 001
861 2356 898 2398 ex
915 2335 1092 2397 familiarum
1110 2335 1251 2398 conviviis
1269 2338 1306 2396 de
1323 2358 1404 2399 car-

169 2424 266 2486 nibus
285 2421 421 2483 sacrificii
439 2422 625 2484 eucharistici
642 2422 704 2483 dari
722 2422 828 2499 solitis,
845 2425 880 2484 de
897 2423 1004 2504 quibus
1017 2425 1099 2485 Dens
1116 2423 1181 2502 ipsc
1198 2424 1405 2504 disposuerat,

178 2509 272 2591 (conl.
290 2508 498 2593 Chytraenm),
522 2510 630 2593 quibus
656 2511 741 2573 etiam
767 2510 874 2573 exinde
890 2532 995 2573 nornen
1011 2505 1202 2574 ovrdelnrnr
1224 2511 1403 2592 impositum

178 2598 275 2660 luisse
300 2620 338 2660 ex
352 2600 480 2678 losepbo
508 2608 535 2660 et
552 2596 675 2661 Philone
693 2597 814 2662 Grotius
839 2602 891 2675 (ad
918 2598 1024 2661 11101110.
1040 2596 1099 2672 26,
1125 2600 1403 2678 28.)0100000011.

181 2722 219 2734 -·
254 2684 281 2767 §.
305 2688 335 2749 5.
367 2686 556 2765 Lightiootns
581 2685 973 2770 (10000100010011000.
994 2686 1046 2764 11,
1062 2687 1124 2764 21.)
1150 2689 1403 2767 quemadmodum

179 2772 355 2853 peculiarem
379 2776 415 2836 de
439 2774 544 2854 agapis
569 2773 861 2853 000100110010001,
885 2773 1072 2854 hospitalitati
1083 2811 1098 2850 ,·
1115 2794 1173 2854 qua
1196 2774 1347 2855 peregrini
1368 2777 1403 2839 iu

177 2859 307 2940 singulis
325 2860 462 2922 ecclesiis
480 2862 625 2923 communi
644 2861 836 2925 ecelesiarum
854 2873 951 2923 sumtu
967 2861 1205 2941 excipiebantur,
1229 2882 1402 2942 agaparnur

177 2967 283 3009 nomen
300 2947 466 3029 impositum
482 2948 575 3013 101000
591 2960 715 3032 putans:
734 2948 775 3011 ita
791 2949 876 3011 etiarn
891 2959 1030 3030 qnantum
1044 2950 1080 3010 ad
1098 2948 1239 3028 originem
1257 2951 1402 3031 pertinet.

178 3037 294 3099 easdem
312 3057 327 3097 0
343 3037 506 3119 synagogis
521 3038 698 3100 iudaeorum
716 3040 753 3099 ad
773 3036 956 3099 Christianos
974 3032 1133 3098 translatas
1150 3036 1262 3112 statuit,
1281 3039 1402 3101 confir-

129 3167 138 3174 ·
177 3134 367 3204 maturosque
383 3125 556 3187 senteutiam
574 3144 669 3202 snam,
687 3126 765 3186 diota
783 3126 925 3204 quaedam
943 3122 1120 3202 Talmndiea
1135 3124 1263 3200 adducit,
1282 3125 1402 3206 quibus

177 3211 322 3273 conficere
347 3210 474 3290 satagit,
499 3212 692 3293 propinquum
716 3211 759 3272 001
787 3212 955 3290 contignum
973 3211 1090 3273 omnino
1108 3232 1280 3293 synagogae
1296 3234 1403 3277 xeno-

131 3327 134 3332 >
177 3299 312 3359 doctrinm
330 3300 476 3377 quoddam
495 3299 607 3376 inisse,
632 3319 689 3379 quo
708 3298 911 3360 communibus
928 3319 1099 3378 synagogae
1115 3299 1260 3361 sumtibus
1278 3303 1403 3383 excepti

175 3385 286 3446 inerint
302 3385 449 3464 peregrini
468 3394 495 3447 01
511 3385 647 3463 viatores,
665 3395 752 3468 atque
770 3387 836 3448 hinc
849 3406 961 3468 agapas
972 3387 1203 3449 Christianorum
1216 3397 1296 3449 ortas
1314 3408 1401 3465 esse,

177 3493 263 3555 qnam
282 3480 377 3533 tamen
396 3472 459 3553 ejus
478 3472 655 3554 opinionem,
673 3474 805 3554 quamvis
822 3474 988 3536 doctissime
1004 3474 1191 3555 propositam,
1209 3476 1401 3552 argumentis

94 3572 101 3588 ·
177 3582 215 3623 ex
231 3560 397 3641 scripturae
419 3561 586 3641 veterisque
602 3560 744 3624 historiae
762 3562 879 3624 silentio
897 3559 1073 3643 depromptis
1091 3561 1185 3623 solide
1204 3562 1311 3625 relutat
1332 3562 1352 3626 i.
1375 3564 1399 3629 Ι.

175 3648 317 3711 Witsius.
342 3683 387 3695 -
421 3647 446 3731 1.
464 3650 495 3712 6.
525 3649 607 3711 dlioe
625 3671 662 3712 ex
678 3650 880 3713 Hebraeorum
897 3649 1039 3711 uocabulo
1054 3666 1117 3712 nun
1134 3650 1234 3727 (Dent.
1256 3648 1307 3724 16,
1327 3652 1399 3730 10.)

177 3735 410 3798 Christianorum
435 3736 553 3798 missam
571 3738 814 3819 conjunctamque
838 3758 903 3798 cum
929 3758 964 3798 ea
988 3756 1150 3817 apaparum
1166 3736 1399 3802 celebrationem

176 3843 330 3885 arcessere
349 3822 431 3884 testis
449 3831 493 3884 est
510 3824 675 3908 Chytracns
691 3826 736 3886 his
756 3823 872 3886 verbis:
904 3831 992 3885 Ectnt
1010 3830 1040 3885 iu
1063 3826 1160 3885 chroco
1178 3836 1253 3885 terta
1271 3825 1398 3888 000010-

152 3989 155 3996 ,
175 3914 234 3972 iem
250 3927 322 3989 mnu,
339 3912 410 3981 00010
426 3915 637 3991 appellationem
652 3920 739 3974 101100
756 3912 972 3975 0110010010ἰεί
988 3922 1027 3973 101
1036 3915 1099 3992 jem
1110 3905 1210 3974 seculis
1224 3924 1398 3993 0000001001

174 4005 296 4079 00100001
313 4021 443 4062 00000000
465 4002 579 4081 quidem
600 4006 766 4062 0010110001
774 4024 783 4073 3
807 4001 951 4066 accedunt
975 3999 1043 4062 huic
1066 4000 1228 4062 sententiae
1244 3998 1395 4062 Claudius

176 4088 214 4147 de
232 4084 368 4147 Sainctes
388 4098 416 4147 01
430 4083 558 4150 Jacobus
574 4087 734 4149 Pamelius.
770 4093 835 4148 Fuit
850 4094 922 4149 enim
940 4121 975 4133 -
996 4087 1036 4149 ita
1053 4088 1149 4168 pergit
1165 4086 1332 4169 Chytraeus
1348 4123 1398 4136 -

176 4176 365 4254 apostolorum
389 4185 480 4236 oetnte
502 4186 528 4237 01
549 4178 643 4237 moltis
664 4184 761 4254 posteo
776 4178 876 4238 seculis
891 4182 922 4237 in
944 4179 1057 4237 ecclesio
1074 4179 1227 4237 christiano
1246 4183 1396 4251 nsitntenr,

175 4271 206 4323 01
220 4265 342 4351 populos
358 4264 524 4324 0010000000
540 4268 654 4324 Domini
669 4284 831 4325 necessarus
847 4265 885 4324 nd
901 4282 1024 4325 mensem
1044 4269 1201 4326 dominiis
1216 4285 1298 4326 nsum
1315 4286 1394 4344 pers-
1414 4321 1418 4328 .

174 4369 272 4429 perum
288 4360 314 4411 ot
330 4356 519 4413 ministrorum
534 4353 662 4412 0001001000
685 4372 796 4431 penem,
813 4357 921 4431 010000,
945 4354 1124 4427 frumentum,
1146 4373 1234 4426 0000,
1262 4354 1398 4416 01000001

176 4439 237 4499 olio
254 4438 605 4520 01000000011000110,
630 4441 733 4522 riopuli
754 4461 807 4523 pro
829 4442 1396 4519 00101000110100000000011000001,
1508 4463 1510 4506 ;
