3067 5075
165 219 172 224 -
247 250 288 325 j*
321 253 791 370 desaorispublloirlabfooeles.
807 251 864 323 rol.
879 255 1011 321 studioso
1027 255 1126 325 uultis.
1190 229 1196 233 ἐ
1246 255 1330 366 1’0

113 431 222 516 quavis
240 429 289 493 dio
307 427 492 509 dominiea*)
519 438 549 493 et
571 452 587 493 e
609 429 763 494 multarum
788 428 980 494 eeclesiarum
1004 430 1220 495 cousuetudine
1237 430 1272 493 in
1291 430 1331 494 iis

114 540 235 603 quoque
250 519 361 596 saeris,
386 537 462 599 quae
477 518 580 600 partim
597 519 701 580 diebus
717 517 918 596 stationariis·
931 519 1036 600 partina
1055 519 1159 590 diebos
1175 525 1331 601 martyrum

46 629 51 632 ⁴
114 606 275 670 memoriae
292 604 397 688 dicatis
413 604 649 686 agebantur·.”),
676 606 718 667 ita
734 601 937 668 adorsonis'trata
954 614 1006 683 est,
1023 615 1064 679 nt,
1083 613 1224 687 quotquot
1240 609 1331 669 ades·

114 705 186 760 sent
209 702 324 774 praeter
347 692 571 756 onteehumenos
597 701 625 755 ot
649 692 856 773 poenitentiam
880 703 1003 774 agentes
1025 692 1203 771 Christiani,
1231 693 1272 755 uti
1295 713 1331 757 ea

117 783 268 844 deberent.
556 779 560 788 ’

127 908 132 914 ·
205 868 281 930 Cum
296 867 353 929 hae
369 866 399 927 in
418 853 607 930 observandis
623 865 717 929 saeris
733 866 878 947 religione
903 867 1010 928 eximia
1025 866 1182 929 eoniuneta
1198 874 1261 930 erat
1277 888 1330 930 re·

38 961 41 968 '
115 954 269 1017 reoundi'a.
309 954 464 1016 Phanetou
488 955 543 1015 hoo
568 975 628 1015 uno
652 957 814 1035 eodemque
837 952 930 1016 altero
956 953 1090 1035 exemplo
1112 957 1331 1033 demonstrare,

115 1062 185 1104 nam
202 1040 299 1103 omnia
317 1042 451 1121 persequi
469 1040 589 1120 longum
607 1041 692 1105 toret.
731 1040 784 1103 Sio
806 1042 872 1122 ipse
888 1040 1067 1103 adorationis
1086 1039 1160 1102 ritus
1176 1033 1332 1104 n'dmodnn

117 1138 181 1191 erat
197 1130 348 1189 modestos
371 1137 399 1189 et
421 1132 615 1190 vererundus.
653 1127 796 1191 Solebam
818 1128 895 1190 enirn
912 1128 1072 1191 Christiani
1097 1130 1220 1191 adorare
1236 1130 1332 1191 Deum

116 1217 149 1277 in
167 1233 266 1294 genua
279 1213 410 1296 prolapsi
427 1208 461 1296 (ἡ
479 1208 578 1284 κλίσις
594 1203 757 1295 γονάτων),
775 1215 891 1295 quoties
908 1236 1011 1295 preoes
1028 1215 1186 1293 faciebant,
1203 1215 1229 1276 si
1246 1234 1265 1276 a
1283 1215 1332 1277 die
1416 1229 1420 1233 ’

119 1302 267 1362 dominica
284 1311 311 1361 et
327 1320 344 1362 o
361 1310 499 1380 tempore,
522 1300 598 1362 inter
614 1300 726 1380 paseha
743 1311 771 1362 et
788 1309 975 1381 pentecosten
991 1302 1161 1380 interiecto,
1183 1303 1346 1367 dissesse·.

117 1389 180 1464 ris,
206 1389 340 1468 lunaeque
358 1386 459 1462 rhum,
488 1386 618 1448 Orientis
642 1407 737 1449 mores
762 1387 957 1465 redolentem,
981 1389 1053 1450 satis
1076 1389 1228 1470 antiquum
1254 1408 1333 1466 esse,

105 1473 220 1537 >meltis
232 1476 352 1536 docetor
368 1470 615 1550 testimoniis**').
635 1472 687 1535 Sio
699 1472 786 1554 porro
797 1474 882 1536 nolas
893 1475 1086 1551 iodieabatur,
1102 1478 1251 1537 sedentem
1263 1495 1333 1556 pre·

118 1581 170 1625 oea
187 1558 368 1641 fondere†),
387 1560 513 1621 etmulti
532 1558 689 1628 Christiani
708 1560 825 1622 nonnisi
842 1560 1204 1641 paenulis'depositis††)
1222 1571 1250 1623 et
1266 1569 1333 1623 oor'·
1380 1599 1382 1602 ·

104 1668 192 1730 pore
207 1647 353 1726 leto†††)
364 1649 399 1708 ad
412 1667 497 1709 saera
509 1645 646 1709 sarrienda
662 1649 850 1711 aoeedebaut.
874 1649 917 1710 ho
928 1648 953 1710 si
969 1648 1061 1709 metiri
1077 1647 1144 1711 lieet
1163 1658 1333 1729 temporum,

118 1734 281 1815 dequibus
298 1732 418 1815 loquor,
443 1753 540 1797 mores
556 1755 593 1795 ex
609 1733 750 1796 institutis
769 1734 833 1797 aeri
857 1735 1026 1816 sequentis,
1052 1735 1243 1800 diaconorum
1260 1746 1333 1813 erat,
1354 1755 1357 1760 ·

116 1832 239 1884 montera
256 1831 285 1883 et
300 1822 453 1900 iriorepare
469 1839 531 1897 eos,
548 1820 597 1901 qni
614 1821 679 1882 loeo
695 1842 753 1882 non
765 1821 880 1883 decenti
896 1824 1040 1901 sederent,
1057 1843 1203 1884 murmure
1216 1825 1334 1886 obstre-

117 1917 232 1992 perent,
249 1908 444 1985 dormitaient,
461 1907 590 1969 riderent
605 1919 656 1969 aot
672 1919 760 1969 nutus
774 1908 969 1986 facorenoaq.
991 1908 1067 1969 Sunt
1083 1919 1178 1971 autern
1195 1908 1270 1971 haec
1287 1910 1333 1971 le-

115 1995 211 2058 nioris
229 1995 374 2066 momenti*
386 2005 414 2056 et
430 1994 509 2056 nrnlti
526 1995 630 2056 horum
645 1995 763 2072 rituum,
791 2014 866 2076 quos
885 1994 1042 2057 Christiani
1062 1994 1090 2053 in
1108 1996 1204 2057 saeris
1218 1994 1334 2057 lacien—
1447 2053 1450 2060 ,

117 2083 165 2143 dis
182 2083 395 2157 observabant,
423 2081 519 2160 magis
535 2081 771 2163 superstitionem
789 2080 922 2143 redolere
941 2101 1028 2161 quam
1044 2081 1248 2144 verecundiam
1267 2081 1334 2161 sig-

117 2168 241 2230 nitioare
258 2168 401 2230 ridentur.
434 2168 535 2245 Quare
551 2169 619 2230 nolo
636 2169 747 2229 diutins
763 2168 833 2229 huie
849 2168 915 2229 loeo
930 2167 1089 2230 immorari.
1106 2244 1109 2248 Δ

205 2254 303 2315 Multo
326 2253 423 2333 magis
448 2255 545 2317 eloeet
569 2255 801 2328 Christianorum
827 2250 972 2335 pietas'et
997 2254 1103 2334 religio
1127 2275 1145 2316 e
1170 2254 1336 2318 constantia

118 2361 237 2418 eerom,
260 2361 318 2421 qua
333 2361 388 2402 neo
404 2340 549 2405 molestiis
573 2362 628 2403 noo
651 2342 791 2422 perieulis
815 2341 908 2403 areeri
925 2361 993 2402 sese
1010 2340 1093 2421 passi
1111 2351 1180 2404 snut
1196 2363 1213 2404 a
1230 2361 1335 2403 saero-
1411 2339 1414 2346 ’

117 2427 414 2490 rum'oomruunioue.
451 2428 566 2489 Multas
583 2431 738 2491 admodum
756 2428 907 2490 molestias
931 2427 1033 2508 primis
1049 2427 1158 2490 Christi
1177 2428 1335 2490 sectatori-

117 2516 187 2593 bus,
211 2517 298 2578 saera
314 2513 446 2592 laeteris,
463 2517 646 2578 devorandas
661 2516 764 2594 luisse,
782 2514 905 2597 quilibet
921 2535 1016 2577 rorum
1034 2515 1259 2579 christianarum
1276 2537 1335 2578 non

116 2620 244 2684 prorsus
260 2602 382 2680 ignaros
399 2602 565 2683 intelligere
581 2605 676 2667 debet.
715 2603 983 2683 congregabantur
1000 2602 1168 2679 Christiani,
1185 2603 1335 2684 quamdiu,

118 2689 195 2770 septi
212 2685 341 2768 undique
357 2689 499 2768 perieulis
515 2699 543 2751 et
565 2690 700 2768 insidiis,
724 2690 838 2770 templis
857 2692 1011 2765 carebant,
1037 2697 1165 2770 tempore
1182 2698 1335 2771 nocturno,

113 2776 152 2861 in
167 2775 241 2837 loeis
258 2775 364 2838 abditis
381 2784 408 2836 et
425 2778 462 2838 ab
479 2777 629 2838 hominum
645 2777 811 2859 frequentia
825 2777 961 2852 remotis,
986 2797 1041 2837 neo
1058 2796 1264 2857 oarnpanarunp
1281 2797 1336 2838 so·

119 2861 187 2922 nitu
202 2870 253 2923 aot
269 2864 403 2923 tubarum
421 2864 562 2941 clangore
580 2863 742 2924 oonroeati.
780 2864 901 2944 Exque
925 2860 1116 2942 intelligitur,
1142 2863 1335 2942 Christianos,

121 2950 261 3017 adenona
276 2951 465 3025 aecedentes,
483 2949 619 3009 itinerum
637 2958 665 3008 et
682 2948 848 3027 vigiliarum
866 2946 1024 3023 molestias,
1048 2969 1138 3028 saepe
1156 2953 1335 3030 tempestatis
1443 3022 1446 3027 ¹

118 3034 249 3097 iniurias
270 3035 409 3097 debuisse
433 3034 567 3099 tolerare.
604 3034 707 3096 Rebus
732 3055 832 3096 eornm
850 3055 868 3095 a
883 3030 1003 3095 saeculo
1022 3031 1090 3094 iude
1107 3034 1147 3093 ΙΙΙ
1172 3035 1203 3095 in
1229 3037 1335 3099 melios

117 3121 254 3198 mutatis,
279 3142 387 3202 magna
403 3121 520 3203 quidem
536 3122 639 3183 harum
655 3121 853 3184 molestiarum
870 3141 940 3201 pars
956 3119 1073 3181 sublata
1092 3129 1146 3183 est.
1186 3121 1252 3183 Sed
1269 3122 1336 3204 ipsa

118 3228 206 3271 saera
221 3208 262 3270 ita
279 3217 362 3280 erant
377 3218 553 3289 comparata,
569 3216 602 3269 ut
619 3208 727 3270 nostris
741 3219 823 3271 *certe
837 3206 1004 3271 homiuibus
1021 3207 1093 3269 satis
1104 3207 1226 3271 molesta
1243 3209 1336 3273 rideri

119 3291 305 3360 debuissent.
344 3297 418 3360 Nam
441 3306 473 3358 ut
500 3306 622 3373 taceam,
645 3317 732 3358 saera
747 3295 844 3358 ollioia
861 3295 933 3358 satis
949 3295 1000 3355 din
1015 3305 1126 3357 morata
1143 3316 1209 3358 esse
1226 3316 1336 3375 omnes,

119 3382 172 3464 qni
188 3385 227 3445 ad
245 3392 405 3446 onnvoutus
423 3383 558 3464 publicos
574 3390 777 3462 accesserant,
802 3383 918 3458 condita
933 3390 1002 3443 suut
1018 3380 1170 3444 nonnullis
1188 3382 1217 3444 in
1236 3384 1336 3453 ecole-

120 3546 351 3566 Μ

188 3637 221 3703 *),
236 3655 263 3691 v.
283 3644 349 3695 Insa.
366 3638 402 3693 M.
424 3632 588 3708 aporogjss.
613 3656 639 3708 p.
661 3639 704 3694 98.
735 3639 777 3692 Cl.
803 3638 949 3705 Binghaan'
964 3637 1029 3702 orig.
1051 3636 1197 3690 ecclesiast.
1217 3635 1270 3688 vol.
1289 3634 1334 3690 vt.
1383 3650 1387 3653 ’

14 3768 16 3775 ¹
119 3723 146 3773 p.
167 3706 217 3761 570
236 3723 292 3775 sqq.

132 3859 167 3913 37
188 3789 236 3865 ll)
255 3795 412 3914 effremuit.
432 3793 471 3844 ds<
485 3800 552 3846 oret.
574 3809 598 3845 o.
617 3794 660 3846 11.
681 3794 713 3846 de
734 3809 823 3847 ooron.
841 3794 933 3878 militis
953 3809 977 3846 e.
997 3793 1023 3845 3.
1041 3800 1068 3845 et
1087 3793 1208 3861 cyprian.
1229 3808 1271 3860 ep.
1291 3793 1334 3849 12.

118 3861 130 3926 (
169 3860 252 4013 ‘llll
269 3861 679 4013 v.11(e3rlilnrasoorsn,‘ana.
698 3946 719 3999 1.
738 3949 789 4000 vis.
809 3946 830 3998 l.
850 3963 876 3999 u.
896 3947 917 4000 l.
939 3949 964 3999 iu
983 3946 1033 3999 PP.
1051 3947 1142 4015 Apost.
1164 3948 1228 3998 edit.
1250 3912 1335 3998 Cotel.

117 4023 182 4068 torn.
203 4014 224 4067 1.
244 4033 271 4084 p.
289 4015 331 4068 75.
360 4020 433 4066 Acro
453 4018 563 4068 Theclae
583 4018 609 4067 in
628 4016 708 4068 Crob.
730 4016 854 4083 Spieileg.
873 4016 974 4068 tomrl.
995 4034 1019 4084 p.
1039 4017 1082 4068 aa.
1110 4018 1245 4067 Clementia
1262 4021 1336 4071 Rom.

117 4083 169 4152 llp.
190 4083 211 4135 1.
237 4086 270 4135 ad
289 4083 408 4135 Corinth.
430 4086 519 4169 ⁰·.⁴⁸·
545 4086 571 4136 in
590 4084 640 4137 PP.
661 4085 751 4154 Apost.
775 4087 838 4137 odit.
861 4083 944 4139 Cotel.
967 4102 992 4153 p.
1014 4082 1074 4138 171.
1098 4092 1125 4136 at
1147 4082 1336 4135 Tertullianum

118 4154 152 4203 nd
164 4152 279 4289 sllpll'
294 4155 403 4275 l’eeloll.
422 4204 454 4271 de
475 4228 542 4273 orat.
563 4237 587 4273 o.
608 4221 651 4278 12.

187 4292 243 4357 qq)
263 4305 289 4341 v.
312 4290 421 4343 onnon.
440 4290 460 4341 1.
479 4290 500 4340 1.

187 4357 264 4426 aaa)
282 4374 309 4410 v.
332 4358 440 4413 renuo.
458 4359 477 4408 r.
498 4359 518 4408 1.
540 4373 564 4409 o.
584 4360 611 4409 a.

188 4423 237 4495 Ρ)
257 4436 284 4481 t.
304 4426 427 4489 donatio.
445 4426 564 4496 Apostol.
583 4425 615 4482 Ι..
634 4426 668 4481 lt.
691 4443 715 4481 o.
736 4427 779 4481 57.
