3067 5075
150 276 255 346 XLV.
273 278 576 387 onuphePenyisiat
589 281 630 345 de
643 278 971 366 dmupdmrtnerr.
982 300 1031 363 ep.
1042 279 1231 347 vertebris.
1254 277 1317 347 ddi
1346 306 1352 313 ·

84 465 112 519 et
136 463 304 538 oratepne
328 456 464 533 inuicem,
483 465 516 521 nt
532 456 697 523 salvemini.
728 446 858 521 Multum
875 458 953 522 enirn
970 457 1047 524 salet
1064 457 1234 540 deprecatio
1246 432 1318 538 lusti

84 545 255 608 assidua.“
270 547 316 608 lle
329 545 517 609 eonfemloue
534 546 645 629 passim
657 547 735 609 omni
752 559 881 629 tempore
893 557 1036 628 usurpata
1046 546 1112 609 det.
1122 567 1187 628 cap.
1197 542 1319 625 lara:

75 640 102 711 ‘„
111 632 208 695 Multi
233 633 417 699 credentium
437 634 594 698 veniebant
619 635 791 699 coufitentes
811 646 840 698 et
865 635 1073 698 adnuntiantes
1092 646 1213 717 peccata
1232 635 1319 697 sua.“

84 721 229 784 Eandem
251 730 365 785 veteres
384 733 493 803 patres,
521 723 697 805 Cyprianus,
722 724 907 801 Ambrosius,
926 723 1122 804 Augustinus,
1142 723 1318 802 Gregorim,

82 809 155 871 item
187 808 383 873 Sornmenus
416 821 444 873 et
475 810 525 873 alii
553 832 645 893 saepe
678 820 914 876 commemorant.
944 811 1116 874 Ludoricus
1141 811 1214 885 Pius
1246 810 1318 892 imp.

83 908 240 976 ”gnotus
258 899 389 979 qnotidie
409 899 606 962 confessionis
623 921 696 963 suae
715 921 832 978 munus,
854 900 1089 982 sacrificiumque
1105 899 1228 980 spiritns
1245 920 1319 963 con-

83 982 226 1047 tribulati
246 997 275 1049 et
291 988 388 1049 cordis
404 987 548 1051 humiliati
564 989 627 1051 Deo
645 988 795 1067 offerebat,
812 988 966 1051 Annnnius
983 1009 1019 1050 ex
1034 991 1175 1050 Ardentem
1189 990 1224 1049 ds
1238 990 1319 1050 rebar

83 1078 174 1152 pestis
190 1081 374 1137 Fumosae
396 1071 427 1152 d,
448 1078 497 1137 19.
532 1077 577 1139 De
597 1087 782 1139 sacramento
801 1078 997 1139 eucharistiae
1014 1076 1102 1158 paulo
1124 1086 1192 1138 ante
1207 1074 1318 1137 obitum

83 1170 230 1241 sumpto,
251 1171 348 1225 ιιιιιιιι
370 1162 534 1243 exemplum
559 1167 636 1244 apud
654 1165 816 1228 Eusebium
840 1165 923 1247 (bist.
942 1164 1015 1228 eccl.
1035 1162 1065 1240 ll,
1080 1163 1147 1242 dt.)
1171 1166 1208 1225 do
1226 1163 1318 1226 Sera·

85 1247 191 1329 piene,
213 1248 267 1330 qui
284 1271 342 1311 non
360 1250 418 1312 nisi
436 1271 472 1313 ca
487 1264 627 1332 suscepta
643 1254 714 1313 mori
733 1254 836 1333 potnit.
862 1253 958 1316 Verba
973 1264 1042 1314 sust
1058 1252 1147 1317 bace:
1166 1252 1317 1332 „Serapio

86 1337 218 1416 qnidam
238 1348 303 1399 erat
319 1341 403 1419 apud
416 1359 472 1400 uns
489 1338 585 1411 fidelis
606 1361 714 1418 senex,
740 1341 789 1422 qai
810 1340 860 1400 ιιίιι
885 1340 1001 1421 quidem
1025 1338 1174 1419 inculpate
1194 1340 1317 1418 vixerat,

85 1424 116 1484 in
135 1426 355 1504 perseeutione
373 1447 442 1487 vero
459 1427 617 1489 ceciderat.
650 1427 709 1490 Hie
725 1444 936 1509 saepenumero
956 1427 1045 1506 recipi
1065 1428 1197 1507 petierat,
1217 1449 1316 1490 vernus

88 1533 180 1573 nenio
208 1511 257 1574 illi
277 1516 455 1592 attenderat,
480 1515 698 1579 sacrificaverat
717 1517 804 1578 eninr.
839 1517 871 1577 ln
892 1516 994 1576 morbo
1012 1524 1107 1576 aalma
1133 1515 1318 1593 concitatus,

88 1608 184 1663 tntum
213 1601 342 1663 triduum
368 1614 466 1664 mutus
491 1616 519 1665 et
536 1623 677 1665 sensuum
701 1603 843 1673 facultate
861 1603 1017 1666 destitutus
1033 1602 1155 1664 uransit..
1180 1603 1251 1664 Post
1268 1602 1318 1665 ubi

87 1698 196 1768 quarte
216 1690 265 1750 die
281 1688 415 1750 nonnibil
433 1692 641 1770 convaluisset,
658 1692 755 1773 nepoti
774 1714 810 1754 ex
826 1689 888 1755 filia
903 1684 989 1753 adse
1005 1701 1108 1754 nocato
1125 1690 1212 1752 dixit:
1232 1692 1318 1768 Quo·

87 1792 188 1856 nsque
210 1799 229 1838 o
248 1776 288 1839 dili
307 1778 442 1840 detinetis
462 1780 531 1840 mel
565 1780 698 1843 Obsecro
719 1791 881 1861 properate,
901 1791 929 1841 ct
946 1800 991 1841 me
1007 1779 1148 1841 veleniter
1164 1777 1318 1844 absolvite.

86 1863 175 1927 Vena
201 1867 241 1925 ad
267 1885 313 1927 me
337 1865 465 1947 aliquem
485 1889 521 1929 ex
540 1868 728 1949 presbyteris.
776 1868 894 1944 Quibus
913 1866 1017 1943 dictis,
1042 1868 1146 1928 iterum
1165 1868 1318 1931 obmutuit.

91 1950 239 2021 Cucurrit
262 1973 337 2032 pcer
359 1957 394 2015 ad
412 1956 625 2035 presbyterum,
650 1966 712 2016 erat
735 1966 831 2016 autem
853 1956 921 2017 nox.
965 1954 1124 2034 Presbyter
1145 1958 1318 2033 aegrotabat

89 2038 224 2122 ideoque
242 2040 284 2102 ire
303 2061 368 2102 euna
387 2063 479 2122 puero
497 2062 554 2102 non
571 2053 694 2123 poterat.
741 2040 887 2117 Quoniam
907 2062 975 2102 cero
993 2045 1207 2119 mandaveram,
1226 2042 1317 2103 mori·

91 2134 196 2206 tures,
220 2129 244 2189 si
264 2140 380 2209 petant,
406 2140 434 2190 et
451 2130 576 2191 maxime
597 2132 621 2192 si
640 2131 726 2192 etiam
745 2140 812 2191 an'te
830 2129 1003 2210 suppliciter
1020 2129 1182 2210 petierunt,
1207 2131 1316 2192 admitti

89 2217 216 2291 debere,
235 2228 266 2277 ιιι
280 2236 335 2297 spe
353 2214 430 2278 bona
446 2216 511 2277 inlti
530 2219 665 2297 migrent,
683 2239 784 2297 parum
802 2217 998 2279 eucharistiae
1016 2238 1106 2297 puero
1117 2217 1196 2278 dedit
1209 2218 1317 2296 jussit·

90 2324 168 2381 que,
199 2312 234 2363 ιιι
256 2304 285 2365 id
303 2304 471 2366 infunderet
493 2315 523 2366 et
547 2306 577 2365 in
600 2326 634 2367 os
659 2305 740 2369 senis
763 2303 930 2367 instillaret.
962 2305 1040 2366 Puer
1063 2304 1152 2382 redit,
1180 2305 1318 2383 adserens

90 2390 316 2469 eucharistiam.
350 2392 424 2454 (lam
442 2403 538 2454 autem
557 2415 573 2455 e
590 2394 684 2457 ricino
703 2402 790 2470 esset,
808 2405 963 2475 antequam
980 2393 1195 2472 ingrederetur,
1212 2415 1318 2456 ιιιιιιιι

90 2477 262 2562 Serapione
288 2479 395 2557 Venis,
421 2479 531 2563 inquit,
556 2480 621 2547 fili?
654 2482 812 2565 Presbyter
828 2482 943 2563 quidem
961 2483 1058 2544 venire
1076 2503 1133 2543 non
1153 2493 1262 2562 potest,
1287 2493 1318 2546 ιι

90 2587 161 2629 vero
184 2568 341 2630 confestim
366 2568 474 2645 facito,
499 2572 575 2650 quod
594 2568 645 2632 ille
669 2571 818 2652 praecepit
836 2591 939 2652 meque
959 2571 1078 2632 dimitte.
1114 2570 1221 2631 inludit
1245 2591 1318 2650 puer

91 2674 126 2716 an
148 2656 244 2717 simul
262 2656 306 2717 ori
324 2656 407 2718 senis
431 2656 595 2720 instillavit.
627 2659 772 2736 Quicum
793 2679 895 2738 parem
914 2669 1072 2738 gustasset,
1098 2679 1165 2719 mox
1183 2659 1323 2737 spiritum.

92 2743 233 2805 reddidit.
267 2745 314 2806 dn
334 2766 391 2805 non
410 2745 566 2825 perspicue
582 2766 674 2807 senex
693 2744 741 2805 bie
759 2746 902 2824 tantisper
918 2749 1051 2827 detentus
1069 2744 1134 2820 luit,
1152 2747 1246 2806 donec
1262 2750 1318 2807 ab·

92 2832 261 2894 solveretur
287 2840 316 2893 et
343 2831 500 2912 a'peccrto
521 2831 663 2914 liberatus
682 2855 779 2894 coram
800 2834 912 2907 multis,
937 2853 1013 2913 quae
1032 2834 1160 2907 lecerat,
1187 2831 1316 2896 confiteri

93 2921 231 2997 possem
262 2924 306 2981 lta
330 2919 490 3000 Dionysius
512 2920 730 2982 Alexandrinus
753 2922 783 2981 in
808 2920 932 3002 epistola
955 2924 990 2982 ad
1010 2919 1138 2981 Fabium
1159 2917 1179 2982 l.
1198 2919 1218 2982 l.
1239 2924 1317 3002 apud

92 3006 272 3070 Eusebium.
305 3007 408 3070 Refert
423 3006 593 3088 Gregorius
618 3008 824 3070 Nazianzenus
850 3010 879 3068 in
903 3016 1079 3070 eradicacio
1103 3011 1200 3081 foenere
1216 3015 1318 3086 petris,

89 3102 210 3173 ‘putrem
228 3115 316 3156 suum
338 3098 521 3158 sacerdotem
538 3096 743 3174 ardentissima
768 3106 797 3157 et
813 3096 950 3158 diuturna
968 3096 1042 3157 febri
1061 3091 1253 3172 sabucetum,
1279 3099 1317 3157 ab

92 3183 206 3245 ιιιιιιίΙΙιι
224 3183 382 3264 aliquando
398 3185 522 3265 synaxis
545 3195 674 3265 tempore
691 3187 846 3246 deductum
867 3205 955 3245 ιιιιιιιιι
979 3185 1009 3245 in
1028 3194 1200 3244 conventum
1218 3180 1318 3245 ecele-

93 3270 263 3348 siastionm,
278 3271 309 3332 in
325 3292 384 3353 quo
401 3293 455 3353 pro
472 3293 551 3334 more
571 3273 789 3351 eucharistiam,
807 3275 858 3337 serl
877 3271 1072 3353 paucissimis,
1090 3281 1118 3332 et
1134 3271 1241 3351 quibus
1258 3282 1317 3334 ιιιιιι

92 3373 146 3438 par
178 3361 309 3421 morbum
326 3360 437 3439 potnit,
461 3360 574 3437 verbis,
595 3370 816 3440 consecratam,
841 3362 909 3423 aliis
929 3373 956 3423 et
979 3359 1159 3422 distribuerit
1183 3370 1211 3421 et
1228 3379 1265 3422 err
1284 3381 1319 3423 ea

94 3446 278 3527 participarit
301 3447 367 3529 ipse
391 3465 517 3530 qnoque.
563 3450 727 3512 Recensum
750 3472 819 3512 vero
838 3448 999 3512 adlectum
1019 3450 1144 3530 ciboque
1163 3468 1265 3528 parom
1283 3469 1318 3512 ac

93 3553 209 3597 snrnmn
229 3535 380 3613 reiectum,
399 3533 506 3597 melius
525 3538 621 3599 statim
639 3539 782 3599 babuisse
802 3559 836 3599 ae
853 3538 994 3620 pristinae
1013 3539 1128 3597 tandem
1144 3537 1263 3597 sanitati
1282 3557 1319 3601 ex

93 3622 213 3703 integro
228 3623 336 3690 'baisse
360 3624 537 3688 restitutum.
571 3624 650 3686 Tale
674 3626 812 3702 quiddam
839 3635 867 3686 et
894 3628 931 3686 de
957 3644 1059 3686 sorore
1077 3643 1142 3683 sua
1166 3622 1319 3695 Gorgonis

94 3712 199 3774 recitat
226 3712 406 3774 irroratione
432 3720 461 3774 in
485 3716 584 3789 farere
608 3720 722 3776 rororis.
765 3713 830 3775 linc
858 3734 925 3774 cero
953 3715 988 3772 de
1012 3711 1102 3773 fratre
1132 3729 1188 3770 suo
1212 3709 1318 3791 Satyra

95 3798 273 3862 Ambrosius
303 3811 509 3870 commemorat
535 3801 564 3862 in
594 3809 721 3864 orntiene
750 3807 780 3862 br
815 3801 1077 3879 broereey'eedemr
1110 3798 1318 3879 „Priusquam

95 3887 219 3969 (inquit)¹
241 3888 468 3969 perfectioribus
485 3900 565 3952 esset
580 3890 715 3953 initiatas
733 3888 890 3969 mysteriis,
909 3889 937 3949 in
955 3886 1112 3966 naufragio
1129 3888 1317 3964 constitutus,

97 3996 163 4037 oum
184 3996 229 4051 ea,
254 3998 312 4057 qua
329 3978 483 4058 nuberetur
502 3978 586 4055 nari,
610 3976 771 4060 scopuloso
786 3976 876 4038 inlisa
895 3979 987 4050 vado,
1013 3986 1041 4037 et
1059 3977 1233 4054 urgentibus
1249 3975 1318 4037 binc

96 4075 185 4145 atque
208 4064 278 4125 binc
296 4066 434 4127 ducibus
460 4063 639 4141 solveretur,
663 4077 722 4134 non
749 4076 867 4128 mortem
891 4075 1040 4140 metuens,
1064 4066 1116 4125 sed
1144 4085 1181 4125 ne
1204 4083 1317 4125 rannus

97 4151 230 4233 mysterii
242 4152 341 4216 ,exiret
364 4175 379 4214 e
404 4152 479 4225 uita,
503 4175 577 4234 ques
602 4147 732 4216 initiatos
751 4173 819 4216 esso
836 4161 1033 4232 cognoverat,
1054 4154 1091 4213 ab
1115 4151 1163 4218 bis
1187 4149 1318 4213 diuinum

97 4238 320 4302 illnd'iidelinm
346 4251 562 4303 sacramentnm
587 4242 738 4322 poposcit,
763 4252 879 4312 noant
896 4241 1032 4302 cariosus
1053 4237 1156 4299 oculos
1174 4237 1319 4301 insereret

97 4330 233 4404 areanis,
259 4331 312 4390 sed
331 4338 362 4390 ut
384 4328 452 4389 rdet
477 4350 550 4392 suae
570 4339 799 4410 consequeretur
820 4330 973 4393 auxilium.
1004 4326 1119 4390 Etenim
1140 4325 1228 4405 ligari
1248 4326 1318 4389 feeit

97 4415 127 4476 in
145 4416 291 4495 cretone,
320 4426 349 4479 et
372 4418 531 4479 oratorium
550 4418 670 4480 involvit
693 4419 725 4478 in
741 4417 819 4479 eelln
847 4430 936 4497 atqne
952 4417 995 4478 its
1008 4436 1042 4478 se
1063 4414 1176 4495 dejecit
1186 4415 1217 4475 in
1236 4435 1317 4476 mare

98 4514 126 4566 st
140 4515 277 4570 ιιιιιιιιιι
294 4510 373 4571 ist-‘⁴
405 4505 533 4569 cardus
550 4507 595 4569 M.
613 4504 701 4588 paulo
722 4516 788 4569 sate
806 4507 917 4569 ebitum
932 4503 1167 4569 cornicinem
1185 4504 1318 4587 suscepit
