3067 5075
332 285 370 346 de
388 283 497 347 veteris
511 274 587 351 cccl,
604 264 686 344 circi
702 278 885 363 poeniteatur
904 279 1016 362 rigore.
1209 276 1276 345 885

71 457 156 541 expeti
188 466 217 520 et
247 457 298 520 sui
327 458 416 521 unius
444 457 590 522 invidiosa
614 458 786 539 praesentia
811 454 914 539 pepuli
941 452 1119 520 clamitantis
1148 451 1279 515 iurmen

70 545 178 610 uerendi
198 546 399 609 intellexerat.
424 582 468 591 —-
491 547 520 628 ᾗ.
536 547 567 609 3.
592 544 741 628 Cypriane
763 545 867 627 legato
890 555 919 608 et
942 543 1123 627 prescripto,
1147 538 1280 604 autin

71 634 276 714 persecutionis
301 635 383 697 initio
401 634 635 697 Christianorum
659 630 728 710 alii,
749 633 829 696 editu
851 632 1055 710 confessione,
1078 629 1110 693 in
1130 648 1280 692 carcerem

71 721 191 805 conjecti,
208 719 262 784 alii
279 722 444 786 inexilium
460 721 541 803 pulsi
552 731 631 799 suut,
648 722 772 803 primunr
786 720 942 784 tumulate
957 720 1156 801 magistratus,
1172 714 1279 780 deiude

69 810 255 892 proconsulis,
273 810 322 892 qui
339 821 405 893 post
420 831 506 874 sunm
519 808 726 891 Carthaginem
742 812 898 874 adrentum
909 806 1087 872 Christianis
1100 803 1279 871 seremoreat

69 918 96 959 se
110 898 241 978 praebuit
259 899 408 980 multoque
424 898 560 961 acerbius
578 919 629 960 eos
646 896 761 961 aldixit.
797 897 881 961 llcde
894 895 1018 975 ductum,
1037 905 1078 974 ut,
1096 893 1146 983 qui
1162 891 1277 956 riolos·-

70 984 127 1047 tiam
145 986 337 1066 magistratus
354 998 382 1049 et
401 986 502 1069 populi
524 986 676 1049 trementis
694 984 833 1066 inpetum
849 996 936 1049 antea
955 985 1095 1061 vicerant,
1115 982 1188 1064 jam,
1211 1000 1278 1043 cun

69 1071 244 1154 proconsulis
266 1074 391 1137 consilio
416 1073 519 1156 poenis
538 1073 727 1154 gravioribus
747 1072 1002 1149 excruciarentur,
1026 1073 1143 1135 undem
1168 1068 1197 1132 ri
1215 1078 1277 1131 ter·

70 1170 217 1224 uentorum
237 1161 354 1225 subacti
371 1183 389 1224 a
407 1161 463 1224 fide
478 1161 650 1225 defecerint.
696 1163 792 1243 Atque
810 1162 884 1226 baec
903 1169 948 1225 eat
963 1158 1018 1223 illa
1033 1159 1184 1242 lapsnrntti
1200 1155 1278 1218 arul-

69 1246 164 1328 titudo,
182 1270 273 1332 quarn
299 1249 385 1313 toties
407 1250 492 1331 luget
508 1248 675 1332 Cyprianus
695 1269 782 1314 serm.
800 1251 838 1313 de
853 1249 982 1331 Lapsis:
1007 1250 1053 1311 Ad
1069 1246 1161 1329 priam
1181 1250 1280 1308 cruta

69 1337 140 1398 cuin
167 1344 306 1402 attractio
334 1343 442 1405 inimici
464 1344 605 1400 munimus
634 1340 759 1414 scutrum
780 1356 913 1400 eumerus
935 1337 1017 1414 pidem
1040 1357 1123 1399 mart
1145 1334 1278 1416 prodidit.

70 1420 212 1488 innotuere
241 1433 303 1488 tom
328 1426 357 1486 iu
390 1424 518 1489 ecclesia
542 1427 719 1503 surripienti,
744 1425 912 1503 lbumfienti
943 1432 971 1487 et
995 1425 1168 1500 Libellaticl,
1198 1419 1279 1501 lapsi

71 1530 169 1592 omues,
189 1512 238 1595 qui
264 1535 284 1576 a
309 1513 434 1577 dirersis
457 1512 625 1595 apostasiae
644 1525 672 1575 et
696 1513 842 1576 scelerum
859 1512 1014 1593 gradibus,
1031 1508 1157 1573 dirersis
1174 1508 1278 1571 reuic-

70 1598 128 1660 baut
144 1601 323 1679 nominibus,
347 1602 456 1684 quibus
476 1599 740 1682 oppositionum,
759 1599 809 1683 qui
829 1607 895 1684 post
912 1597 1042 1663 recitatis
1059 1595 1295 1661 contessionem

71 1685 145 1749 etiarn
159 1689 226 1750 torti
240 1689 463 1771 insuperabiles
479 1693 628 1752 steterant.
648 1728 683 1738 -
705 1690 733 1774 b.
746 1690 778 1751 4.
793 1689 857 1752 laur
872 1708 938 1752 cum
951 1685 1165 1771 persecutionis
1177 1693 1279 1748 aestus

70 1774 175 1852 paulum
199 1778 403 1842 deferbuisset
428 1788 456 1841 et
476 1775 550 1859 lapsi
577 1784 722 1860 martyres
747 1776 913 1858 importune
940 1780 1083 1840 adeuntes
1105 1776 1144 1837 ad
1176 1768 1280 1834 indul-

71 1863 173 1941 gentiae
202 1863 327 1944 libellos
357 1865 543 1948 impudenter·
574 1865 612 1926 ab
644 1865 682 1927 iis
703 1872 833 1927 extortos
866 1884 969 1946 pacem
993 1863 1140 1927 ecclesiae
1169 1872 1279 1924 temere

71 1951 255 2036 postularent,
289 1955 401 2017 adhaec
421 1954 552 2016 Necatus
576 1973 643 2014 cunt
668 1952 843 2034 quibusdam
868 1950 1278 2034 presbyteris-quoscumque

70 2032 173 2117 lapsos,
197 2044 330 2104 noudum
351 2040 552 2122 exomologesi
571 2040 660 2117 lacta,
680 2050 791 2102 tanturn
811 2041 888 2123 quod
908 2050 1065 2121 martyrum
1083 2035 1194 2107 libellis
1210 2037 1279 2099 lue-

71 2129 339 2205 marconeicurtem,
355 2129 387 2191 in
404 2126 636 2190 communionem
651 2127 809 2210 reciperet:
827 2134 930 2190 exorta
943 2125 1011 2189 ltine
1024 2124 1079 2187 luit
1094 2124 1124 2185 in
1138 2121 1279 2197 Africana

71 2206 133 2276 eccl.
156 2216 375 2295 controversia,
403 2237 478 2299 quae
501 2215 650 2298 Cypriane
677 2227 705 2279 et
727 2217 756 2277 in
778 2214 892 2298 reliqua
916 2212 1069 2297 provincia
1091 2233 1144 2295 per
1161 2210 1279 2292 aliquot
1370 2254 1386 2287 ¹.

73 2296 189 2373 ciritates
210 2305 363 2387 episcopis
383 2324 525 2368 summurn
551 2303 661 2367 crearit
684 2303 869 2388 molestiam.¹
904 2303 942 2365 Et
960 2301 1147 2385 Cyprianus,
1173 2299 1204 2360 in
1222 2318 1278 2361 suo

72 2404 181 2453 secessu
204 2393 402 2472 delitescens,
425 2413 490 2455 curn
516 2412 633 2471 eorum,
662 2390 938 2475 quae'Cartltapine
962 2390 1145 2472 agebantur,
1172 2385 1279 2450 certior

73 2471 154 2540 lactus
170 2492 257 2559 esset,
286 2481 409 2564 primum
426 2481 553 2564 quidem,
581 2501 617 2543 ne
635 2479 809 2563 disciplinae
829 2500 847 2544 a
864 2479 1024 2563 majoribus
1042 2486 1176 2542 servatae
1191 2473 1278 2558 quic·

73 2581 144 2641 poam
160 2569 332 2647 decederet,
352 2570 430 2632 datis
448 2572 484 2631 ad
501 2568 707 2646 confessores,
733 2571 769 2631 ad
787 2566 897 2631 elerum
915 2567 1178 2649 Carthaginensem
1196 2565 1278 2627 etad

74 2648 170 2727 plebem
191 2657 290 2720 tribus
315 2656 451 2739 epistolis
477 2655 599 2739 (ordine
628 2653 779 2721 tb—ti.
804 2659 841 2720 ad
867 2676 1004 2719 numeros
1027 2653 1202 2733 Pearsuuii)
1225 2649 1278 2713 uttt

73 2734 204 2817 lapsomm
220 2757 291 2808 onte
308 2745 470 2808 restitutam
487 2744 580 2822 matri,
599 2744 754 2825 ecelesiae,
772 2764 874 2825 pacem
890 2743 1104 2825 conciliumque
1120 2740 1279 2823 aliquando

72 2822 219 2896 babendum
244 2832 379 2896 criminis
397 2833 513 2896 veuiarn
538 2830 601 2894 dari
626 2832 726 2896 vetuit.
773 2832 973 2895 Postea'rero
998 2829 1065 2908 ille,
1092 2850 1158 2892 curu
1178 2847 1278 2891 seeum

73 2915 212 2998 reputaret,
236 2925 380 2984 aestatem
395 2922 456 3003 jam
472 2920 620 3001 ,coepisse
641 2922 718 3003 quod
738 2928 853 3002 ternpus
868 2918 1086 2982 infirmitatibus
1104 2915 1235 2980 assiduis
1252 2924 1280 2978 et

73 3003 197 3077 gravibus
216 3029 282 3072 eam
300 3019 417 3088 gentem
437 3008 577 3070 infestare
596 3007 720 3087 solebat,
740 3007 859 3088 scripsit
877 3009 914 3069 ad
932 3006 1043 3069 clerum
1060 3003 1279 3085 Carthaginen-

73 3104 123 3149 sem
141 3113 183 3175 ep.
202 3097 285 3177 (tit.)
311 3117 369 3178 qua
388 3098 425 3157 ad
443 3094 678 3176 comprimendus
694 3095 847 3176 lapsorum
867 3094 1002 3177 impetus,
1026 3090 1153 3156 emollito
1170 3088 1294 3178 prieris,

73 3174 166 3241 decreti
196 3184 318 3266 rigore,
349 3183 453 3266 lapsos
475 3184 506 3244 iu
533 3183 730 3265 poenitentiae
752 3186 881 3247 decursu
907 3204 924 3246 e
948 3184 1049 3245 morbo
1069 3181 1279 3243 decumbentes

73 3266 231 3354 cosdemque
247 3279 409 3354 martyrum
427 3271 579 3352 suffragiis
596 3273 722 3355 adjutos,
739 3272 769 3333 iu
787 3271 868 3352 exitu
878 3270 1064 3353 recipiendos
1079 3288 1157 3346 esse,
1174 3270 1277 3331 decre·

74 3346 120 3412 tit:
143 3362 194 3432 Ut,
217 3368 267 3443 qui
288 3363 395 3423 libellos
418 3382 438 3421 n
460 3362 627 3436 marturibus
652 3370 812 3441 acceperuut
833 3371 859 3422 rt
877 3365 1074 3442 procroputicu
1090 3378 1185 3421 eorum
1203 3355 1280 3437 epod
1399 3389 1404 3394 ·

74 3439 438 3529 1lttttttudjuuuripoasurrt,
454 3454 481 3509 ei
497 3452 668 3511 incommodo
683 3453 778 3530 ntique
793 3459 820 3511 et
831 3448 1006 3525 intimitatis
1016 3450 1139 3529 periculo
1152 3448 1281 3525 occupati

74 3522 165 3594 mour
177 3569 220 3579 —-
234 3569 281 3583 --
296 3546 322 3598 et
337 3538 435 3616 strpere
449 3541 543 3597 esitus
558 3542 685 3617 coeperit,
702 3538 780 3616 opud
794 3538 942 3599 diaconum
958 3556 1063 3617 quoquc
1075 3535 1279 3610 eromolopeaia

74 3610 153 3681 lamro
174 3622 269 3686 delicti
289 3629 338 3685 sui
359 3629 477 3704 potaiat,
503 3634 534 3685 ut
558 3646 645 3686 murro
665 3630 705 3684 eie
723 3630 752 3686 iu
772 3629 939 3704 poenitentia
957 3628 1089 3703 imperito
1114 3624 1226 3682 malunt
1242 3619 1280 3679 ud

75 3700 208 3770 Dominum
226 3733 289 3773 cam
307 3733 385 3792 poce,
411 3718 440 3772 et
458 3711 488 3771 in
506 3731 552 3791 ep.
573 3710 703 3793 proxime
719 3709 948 3791 soquentitttt)
967 3711 1004 3772 ud
1024 3699 1148 3771 eundem
1168 3705 1279 3768 clerum

75 3787 204 3859 tdreraus
219 3798 332 3881 lapsos,
352 3816 455 3879 pacem
473 3818 670 3882 praepropere
687 3799 866 3879 flagitantes,
883 3795 954 3860 irnie
971 3795 1135 3860 sententiae
1150 3793 1280 3877 Cypria·
1332 3833 1337 3844 ·

76 3888 125 3936 nus
139 3887 270 3949 stcndnm
289 3879 410 3948 omniuo
427 3885 549 3968 putarit,
571 3890 607 3949 dc
627 3908 685 3971 que
705 3887 791 3950 etiam
810 3885 900 3967 paulo
920 3892 988 3967 post
1007 3883 1187 3967 peculiarem
1204 3880 1280 3964 (20)

76 3958 142 4064 tete
157 3973 193 4032 ad
209 3972 320 4037 clerum
336 3974 503 4055 Romanurn
520 3975 686 4057 epistelam.
704 4011 748 4023 --
764 3974 792 4059 ᾗ.
808 3975 838 4038 5.
856 3974 935 4051 Quid
951 3994 1020 4037 reru
1036 3974 1214 4054 sperandum
1230 3968 1281 4043 iis,

77 4063 118 4125 tat
130 4051 292 4124 libellorum
307 4062 409 4125 latore
419 4060 562 4144 destituti,
579 4063 731 4127 criminum
743 4063 859 4126 reniam
871 4062 1060 4124 immoderate
1072 4055 1281 4143 pesrumtmtt

75 4128 155 4203 llam
177 4145 197 4207 ii
217 4149 337 4214 arcendi
361 4160 444 4213 eraut
468 4152 506 4211 ab
532 4152 678 4216 eeclesiae
703 4152 834 4228 loribus,
860 4171 879 4213 a
903 4148 1046 4213 societate
1069 4142 1282 4211 communionis

76 4236 217 4313 rttttrtupue
239 4247 409 4316 sacrarum,
434 4258 610 4324 quoeunque
637 4243 753 4303 tamdem
773 4237 892 4303 nomine
914 4237 1064 4315 renuent,
1087 4255 1163 4311 usu,
1187 4236 1282 4296 donec

77 4308 177 4409 tellite
194 4324 340 4389 ecclesiae
355 4346 428 4408 paee
444 4327 562 4407 publica
578 4340 606 4391 et
621 4338 805 4409 congregato
819 4328 850 4390 in
862 4328 1007 4411 synodum
1021 4324 1101 4387 clero
1116 4341 1182 4384 cum
1196 4331 1282 4386 stan-

77 4397 145 4506 tius
165 4405 247 4476 laicis
265 4432 374 4478 causas
398 4411 517 4476 illorum
542 4415 686 4479 communi
703 4414 829 4478 consilio
847 4412 1034 4482 examinandi
1050 4413 1170 4475 daretur
1186 4408 1281 4493 eopia,
1481 4479 1485 4494 Ι

78 4491 105 4544 tt
119 4490 221 4561 diserte
236 4500 267 4570 iu
286 4523 335 4584 ep.
353 4498 405 4574 19.
451 4500 512 4572 luto
532 4526 611 4584 reru,
632 4524 709 4587 quae
726 4502 834 4568 seriam
851 4502 920 4586 ejus
934 4493 1108 4565 inhaerendi
1123 4498 1192 4564 buic
1210 4517 1281 4581 pro·
