3067 5075
401 218 438 280 de
453 188 618 300 primitivos
634 214 781 285 eeclesiae
796 214 984 282 lectionibus.
1250 220 1296 284 85

75 390 182 474 piures
196 388 351 456 habendae
370 399 455 455 erent
469 390 647 472 conciones,
671 390 837 471 liberrime,
861 393 938 456 festo
962 402 1059 456 tamen
1080 392 1297 471 convenienter,

77 478 277 542 disseruerint
299 487 407 561 potres.
444 479 525 542 luter
547 480 702 545 Athanasii
727 501 818 563 opera
844 481 1072 563 deprehenditur
1080 480 1109 564 *)
1130 473 1279 563 Ao'yoc'
1252 503 1297 556 εις

74 557 139 647 τὴν
156 557 317 648 ἀνάληψιν
332 587 390 628 του
377 563 559 670 Κυρίου
542 566 629 671 oppida
645 572 743 669 Ιησου
761 567 902 650 Χριστοῦ
920 579 948 632 et
962 567 1086 651 ntia**),
1112 591 1254 671 quum
1216 570 1295 632 Hol-

75 654 196 718 stenins
222 653 311 718 edidit
334 654 380 727 sie
400 646 586 763 ἀπογραφὴν
607 653 666 736 τῆς
695 650 785 737 ἁγίας
804 655 932 738 Μαρίας
957 654 1010 719 καὶ
1031 657 1075 728 εἷς
1096 678 1153 718 τον
1174 646 1296 738 Ιωσὴφ,

75 765 135 806 nec
154 763 214 804 non
238 740 411 822 ittn***)’
385 765 429 813 see
453 733 511 820 τὴν
532 737 623 825 ἁγίαν
645 742 794 823 πέμπτην
818 742 868 806 nai
892 745 937 815 εἰς
960 735 1020 843 τὴν
1041 740 1213 845 προδοσίαν
1236 743 1296 807 τοῦ

75 820 201 906 Ieddn5
226 840 258 893 ut
274 852 352 892 nnuc
368 830 438 891 nihii
456 831 551 893 dicum
567 832 603 893 de
619 852 670 909 cn,
696 852 771 932 qnae
788 841 832 894 est
844 831 894 902 eie
911 822 947 893 τὸ
963 852 1049 913 αγιον
1063 824 1168 913 πάσχα
1184 831 1234 892 καὶ
1251 831 1297 901 εἰς

74 915 154 989 τοῦς
170 908 408 998 νεοφοπήστοος
425 940 470 996 τῳ
454 908 636 1001 σαββάτῳ
658 915 715 999 τῆς
733 912 938 1022 ἀπολοσίμου.
972 919 1006 982 Si
1025 919 1227 1001 chrysostomi
1249 919 1296 979 te'·

72 1026 142 1068 mos
158 1005 251 1068 elicui
266 1006 409 1070 erodrere
425 976 585 1087 pinouerit,
608 1006 738 1070 inveniet
758 1007 786 1070 is
811 1006 897 1070 etiem
915 1008 998 1076 inter
1021 1008 1153 1089 genuine
1174 1005 1295 1089 scriptu,

75 1114 155 1177 quoe
173 1103 304 1158 nostrum
320 1092 435 1156 firmare
451 1104 577 1176 possunt
592 1094 777 1159 sententiam.

163 1183 199 1246 lu
216 1203 326 1262 graece
342 1202 458 1264 qnoque
475 1180 603 1244 ecclesio
624 1182 729 1244 diebus
745 1182 899 1245 dominicis
922 1193 1010 1265 etque
1028 1183 1095 1245 eliis
1113 1192 1208 1246 certes
1225 1203 1295 1245 suc·

77 1292 168 1333 cessu
185 1270 323 1352 temporis
339 1270 434 1333 fuisse
452 1269 613 1332 destinates
629 1269 780 1347 lectiones,
797 1269 895 1332 iicebit
910 1271 998 1332 nohis
1015 1271 1091 1333 forte
1108 1293 1145 1334 ex
1162 1271 1293 1354 Chryso·

69 1358 349 1439 ,stomocoidigere,
373 1357 432 1420 imo
450 1367 479 1420 et
494 1379 531 1420 ex
546 1357 624 1422 ediis.
662 1357 790 1420 Easdem
802 1380 876 1422 ,vero
892 1356 962 1420 iiius
979 1358 1074 1421 fuisse
1091 1381 1158 1421 cum
1173 1359 1294 1438 nostris,
1363 1407 1367 1416 .

72 1468 162 1509 nemo
180 1444 270 1509 incile
287 1445 372 1508 nobis
385 1444 576 1528 persuaserit.
598 1447 643 1507 dn
661 1467 729 1508 rere
740 1444 891 1508 Alietinnn
906 1446 958 1508 itin
974 1445 1108 1510 recensio
1125 1446 1294 1525 lectionum,

72 1535 105 1596 in
122 1535 253 1598 ecclesie
270 1535 449 1598 Graecorum
466 1532 609 1596 hodierna
625 1533 812 1609 usitatarum,
835 1535 867 1594 iu
883 1534 1019 1597 omnibus
1036 1556 1102 1596 cum
1119 1534 1295 1615 antiquiori·

73 1625 132 1685 bns
149 1623 210 1685 iidis
227 1621 405 1687 lectionibus
422 1620 593 1698 conveniet,
618 1624 747 1683 nondum
763 1623 857 1683 habeo
874 1622 982 1686 dicero.
1018 1623 1107 1684 Istum
1125 1621 1241 1683 interim
1258 1642 1296 1685 ex

73 1709 204 1773 diutrib'a
220 1713 256 1772 de
274 1710 428 1773 dominicis
445 1716 473 1772 et
488 1709 700 1772 hedomnditnrs
717 1710 907 1787 Graecorum,
931 1706 1007 1792 quae
1021 1720 1179 1792 perpetuae
1197 1709 1295 1772 eccie-

73 1799 139 1862 sine
155 1797 308 1862 orientalis
332 1807 361 1861 et
383 1793 575 1861 occidentalis
599 1797 786 1860 consensioni
810 1799 969 1879 subjuncta
991 1809 1051 1875 est,
1078 1797 1295 1861 communicare

73 1886 237 1952 voluimus.
272 1890 425 1967 Eeunpetta
439 1893 533 1967 itaque
553 1888 606 1947 deae
628 1891 736 1947 ratione
753 1889 898 1963 tepenter:
935 1891 964 1947 Α
984 1893 1077 1966 prima
1093 1889 1137 1948 die
1152 1890 1296 1965 parcitatis
1408 1959 1411 1972 Ι

76 1998 163 2058 arque
178 1979 217 2039 ud
233 1986 404 2056 pentecosten
420 1977 520 2052 iepitnr
536 1976 706 2052 eunnpeiiem
722 1980 862 2049 daonnie5
882 1996 902 2035 α
918 1977 1057 2036 dominica
1072 1986 1216 2054 praesente
1231 1997 1294 2036 em·

75 2071 156 2127 niem
173 2074 336 2126 cunctorem
359 2084 445 2144 aspere
469 2063 506 2123 nd
530 2082 649 2123 mensem
669 2063 861 2141 septembrem,
887 2065 1030 2123 Mattiaci
1036 2086 1048 2137 ,·
1073 2084 1092 2123 a
1115 2084 1186 2124 noae
1208 2084 1294 2140 enno,

74 2174 175 2232 nempe
197 2175 216 2213 a
238 2155 378 2215 dominica
394 2160 457 2229 port
473 2151 670 2211 condictionerrr
693 2159 807 2211 sanctae
829 2155 919 2211 crucis
939 2172 1025 2231 aspere
1050 2152 1089 2210 od
1111 2153 1295 2230 tyropiapom

77 2242 262 2317 dominicam,
290 2245 386 2301 ance
395 2262 405 2314 3
431 2243 558 2319 aprime
580 2238 746 2298 tetdonem
760 2239 1012 2316 qrredrepeeimaiie
1030 2239 1133 2315 jejunii
1148 2239 1187 2299 nd
1202 2244 1295 2319 ipsane

76 2334 286 2390 resurrectionis
301 2329 383 2404 diem,
405 2332 436 2387 in
450 2347 484 2387 ea
487 2327 576 2387 idetis
590 2334 617 2386 et
634 2326 790 2397 dominicis,
811 2332 920 2391 Murci.
955 2328 1044 2406 quue
1059 2335 1089 2386 ot
1104 2332 1231 2387 enectine
1246 2334 1293 2388 in·

76 2419 227 2494 tedtipatur,
250 2421 372 2478 doannis
395 2416 529 2492 eoonpedii
544 2423 637 2474 tentus
660 2419 806 2477 nnmersos
826 2424 929 2492 septem
947 2417 1061 2492 intepris
1081 2414 1295 2477 debdomndtbrre

70 2507 192 2583 iepitar,
220 2525 291 2585 quoe
315 2524 333 2566 a
355 2505 493 2565 dominica
518 2503 678 2583 paschatis,
700 2504 754 2563 trid
756 2522 791 2562 ns
814 2503 909 2564 dietus
932 2508 1070 2582 acceptis,
1100 2494 1293 2595 numerantur.

74 2596 228 2668 Mattiaci,
245 2594 353 2667 eserie
369 2593 489 2652 secunda
506 2600 569 2670 post
585 2591 752 2651 dominicam
768 2600 934 2669 pentecostes
950 2592 988 2650 ad
1003 2611 1181 2669 paresceves,
1196 2593 1294 2652 saise·

74 2692 201 2762 suentem
216 2682 319 2755 festum
334 2682 406 2741 diem
421 2681 601 2740 recitationis
615 2687 731 2739 sanctae
755 2683 845 2739 crucis
866 2679 1069 2758 otsototrerqoe
1083 2679 1294 2742 irebdomndidar

75 2771 166 2833 mecm
182 2778 209 2829 et
225 2778 346 2848 septem„
374 2774 484 2829 Haerent
501 2768 626 2827 undecim
651 2768 770 2843 sinpotts
791 2767 886 2827 diebus
903 2768 1045 2828 Mattireei
1066 2769 1237 2845 eeonpeiium
1251 2771 1295 2829 ie-

74 2866 160 2934 pnnt3
185 2878 204 2917 α
219 2857 389 2932 duodecima,
406 2860 524 2936 quinque
540 2855 634 2915 dicim
649 2855 835 2930 heddomadis,
852 2860 949 2921 Marci
964 2856 1134 2932 eeanpelinm
1149 2863 1291 2918 recitetur.

76 2948 204 3007 Sabdata
220 2954 245 3005 et
260 2946 413 3005 dominicos
428 2945 541 3004 tectione
555 2963 610 3002 stre
621 2943 785 3002 Matthaeus
802 2951 916 3020 occupat
928 2963 1015 3019 usqrre
1030 2943 1068 3003 nd
1080 2943 1213 3004 decimam
1227 2966 1294 3024 sep·

75 3039 174 3095 norem
189 3042 216 3093 et
232 3033 337 3095 decima
352 3036 484 3112 septimo,
499 3036 527 3090 ei
540 3031 594 3091 iiia
611 3029 691 3104 infra
707 3030 815 3108 pascito
830 3031 934 3106 fuerit,
951 3031 1129 3090 Mattdaeam
1144 3032 1242 3104 dudem
1267 3038 1294 3094 si

75 3124 160 3199 uitro,
175 3140 361 3201 naquaquam,
376 3120 425 3181 ced
441 3119 520 3180 niirrd
536 3137 572 3178 oa
587 3119 654 3178 aliis
669 3118 768 3197 tepidae
784 3127 809 3178 et
821 3120 1006 3178 Gimnunaeae
1020 3127 1070 3178 est.
1093 3123 1189 3178 Lucae
1204 3140 1293 3183 eoen-

74 3211 177 3287 priium
192 3210 338 3270 irrodoetnr
354 3229 373 3268 a
390 3208 510 3268 secunda
525 3208 600 3281 feria
617 3215 686 3285 post
695 3207 863 3267 dominicam
879 3209 1061 3268 excitationis
1078 3208 1228 3287 tepitnrqne
1245 3214 1294 3269 in·

77 3304 159 3377 lepris
174 3296 390 3359 hebdomadibus
405 3295 563 3356 duodecim
554 3337 563 3366 ,
584 3295 619 3355 ab
634 3299 714 3354 initio
730 3315 795 3356 uero
811 3296 932 3354 decimae
948 3301 1054 3372 tertiae,
1070 3295 1164 3355 dicim
1179 3297 1294 3371 feriati·

76 3386 136 3467 dur,
152 3391 253 3448 Marci
268 3385 438 3462 manpeiinm
453 3389 606 3456 recitatione
620 3383 744 3443 reddatis
758 3392 784 3443 et
799 3384 953 3461 dominicis,
970 3342 1075 3443 Leode
1108 3382 1210 3445 Marci
1226 3395 1294 3445 ten

76 3433 137 3543 dedi
150 3494 222 3555 pere
244 3477 394 3553 potissima
409 3476 480 3532 inter·
495 3425 675 3531 Matttrdeem
690 3479 716 3530 et
734 3474 843 3532 Lucem
864 3471 1019 3532 adsentitur
1026 3512 1037 3543 ‚
1062 3473 1136 3550 qood
1158 3466 1294 3553 reliquum

78 3569 131 3638 ed,
143 3563 374 3642 quadrupeeimee
389 3560 513 3620 subdatis
529 3568 556 3619 et
571 3559 717 3619 dominicis
732 3565 876 3621 recitatur.

161 3646 306 3711 Africana
324 3645 450 3710 ecclesia
468 3666 526 3706 non
545 3653 656 3706 tantum
680 3644 784 3722 festis,
808 3653 955 3725 utsupra
977 3642 1121 3721 vidimus,
1147 3649 1200 3709 sed
1224 3647 1293 3712 ediis

78 3734 195 3818 qnoque
211 3734 317 3798 diebus
336 3745 432 3799 certas
448 3733 551 3794 hahuit
568 3733 679 3794 dicatas
694 3733 854 3811 lectiones,
879 3735 1122 3814 quemadmodum
1139 3756 1194 3799 nos
1210 3739 1296 3800 docet

76 3823 264 3905 Augustinus
273 3820 330 3905 †):
356 3825 523 3903 ¹Gepitnium
539 3827 661 3901 primum
676 3828 824 3901 praeterito
847 3824 891 3883 die
912 3823 1049 3884 dominico
1071 3833 1221 3887 tractatam
1236 3849 1295 3889 esee

77 3918 260 3986 minimus,
274 3911 296 3973 i.
314 3932 349 3988 e,
367 3931 386 3972 n
402 3930 478 3973 vers.
496 3912 525 3972 l.
543 3911 580 3971 ud
597 3909 628 3971 5.
645 3929 710 3990 cap.
729 3911 758 3973 1.
774 3909 897 3972 donnnis
914 3911 1087 3973 etTrnctet.
1100 3913 1136 3974 9:
1161 3921 1294 3979 Hesterno

78 4001 138 4079 die,
160 4008 187 4066 si
202 4005 327 4079 meminit
340 4004 477 4062 sanctitas
491 4008 603 4079 oestro,
626 4019 688 4060 eam
711 4008 832 4082 tempere
846 3994 1068 4077 excluderemur,
1092 4022 1127 4064 ne
1141 4023 1295 4068 emmonem

102 4346 107 4353 .
145 4237 325 4381 ttici
336 4239 394 4364 nni
414 4256 451 4362 c

147 4377 251 4447 ***)ί
272 4397 298 4434 c.
316 4397 346 4464 ρ..
362 4380 412 4434 ddi)
431 4394 467 4431 er

145 4449 178 4516 †)
199 4444 613 4519 Exposir.rn1tveng.ionnnts
633 4454 713 4504 meet.
730 4448 758 4506 2
780 4464 807 4518 p
825 4464 861 4503 nr
881 4449 910 4504 i

128 4532 308 4590 Turnique.
319 4536 458 4585 chrunus
1072 4538 1095 4604 5
