<?xml version="1.0" encoding="UTF-8"?>
<!DOCTYPE html PUBLIC "-//W3C//DTD XHTML 1.0 Transitional//EN"
    "http://www.w3.org/TR/xhtml1/DTD/xhtml1-transitional.dtd">
<html xmlns="http://www.w3.org/1999/xhtml" xml:lang="en" lang="en">
 <head>
  <title>
</title>
<meta http-equiv="Content-Type" content="text/html;charset=utf-8" />
  <meta name='ocr-system' content='tesseract 3.04.00' />
  <meta name='ocr-capabilities' content='ocr_page ocr_carea ocr_par ocr_line ocrx_word'/>
</head>
<body>
  <div class='ocr_page' id='page_1' title='image "./thesauruscommen02volbgoog_0234.png"; bbox 0 0 3067 5075; ppageno 0'>
   <div class='ocr_carea' id='block_1_1' title="bbox 188 316 1026 405">
    <p class='ocr_par' dir='ltr' id='par_1_1' title="bbox 188 316 1026 405">
     <span class='ocr_line' id='line_1_1' title="bbox 188 316 1026 405; baseline -0.011 -15"><span class='ocrx_word' id='word_1_1' title='bbox 188 323 256 390; x_wconf 81' lang='lat' dir='ltr'><strong>eie</strong></span> <span class='ocrx_word' id='word_1_2' title='bbox 574 316 656 385; x_wconf 81' lang='lat' dir='ltr'><strong>nur.</strong></span> <span class='ocrx_word' id='word_1_3' title='bbox 697 318 725 383; x_wconf 81' lang='lat' dir='ltr'><strong>r.</strong></span> <span class='ocrx_word' id='word_1_4' title='bbox 741 316 802 383; x_wconf 80' lang='lat' dir='ltr'><strong>eu.</strong></span> <span class='ocrx_word' id='word_1_5' title='bbox 816 316 1026 405; x_wconf 57' lang='lat' dir='ltr'><strong>numus</strong></span> 
     </span>
    </p>
   </div>
   <div class='ocr_carea' id='block_1_2' title="bbox 189 492 1418 1017">
    <p class='ocr_par' dir='ltr' id='par_1_2' title="bbox 189 492 1418 1017">
     <span class='ocr_line' id='line_1_2' title="bbox 190 492 1418 578; baseline -0.005 -13"><span class='ocrx_word' id='word_1_6' title='bbox 190 495 318 578; x_wconf 56' lang='lat' dir='ltr'><strong>Bw).</strong></span> <span class='ocrx_word' id='word_1_7' title='bbox 349 501 473 561; x_wconf 65' lang='lat' dir='ltr'><strong>mune</strong></span> <span class='ocrx_word' id='word_1_8' title='bbox 488 497 677 560; x_wconf 67' lang='lat' dir='ltr'><strong>nutriere·</strong></span> <span class='ocrx_word' id='word_1_9' title='bbox 688 497 725 559; x_wconf 82' lang='lat' dir='ltr'><strong>le</strong></span> <span class='ocrx_word' id='word_1_10' title='bbox 741 493 789 560; x_wconf 87' lang='lat' dir='ltr'><strong>lris</strong></span> <span class='ocrx_word' id='word_1_11' title='bbox 805 493 947 559; x_wconf 65' lang='lat' dir='ltr'><strong>emens</strong></span> <span class='ocrx_word' id='word_1_12' title='bbox 963 492 1089 573; x_wconf 76' lang='lat' dir='ltr'><strong>dixerut,</strong></span> <span class='ocrx_word' id='word_1_13' title='bbox 1106 493 1294 559; x_wconf 63' lang='lat' dir='ltr'><strong>ffisdeues</strong></span> <span class='ocrx_word' id='word_1_14' title='bbox 1309 495 1418 559; x_wconf 82' lang='lat' dir='ltr'><strong>neeri·</strong></span> 
     </span>
     <span class='ocr_line' id='line_1_3' title="bbox 189 581 1416 668; baseline -0.002 -17"><span class='ocrx_word' id='word_1_15' title='bbox 189 588 258 652; x_wconf 77' lang='lat' dir='ltr'><strong>ieie</strong></span> <span class='ocrx_word' id='word_1_16' title='bbox 273 584 427 668; x_wconf 67' lang='lat' dir='ltr'><strong>gentilium</strong></span> <span class='ocrx_word' id='word_1_17' title='bbox 442 583 567 648; x_wconf 80' lang='lat' dir='ltr'><strong>uertisse</strong></span> <span class='ocrx_word' id='word_1_18' title='bbox 575 583 607 646; x_wconf 90' lang='lat' dir='ltr'><strong>in</strong></span> <span class='ocrx_word' id='word_1_19' title='bbox 616 597 746 665; x_wconf 62' lang='lat' dir='ltr'><strong>nespas,</strong></span> <span class='ocrx_word' id='word_1_20' title='bbox 761 581 843 646; x_wconf 78' lang='lat' dir='ltr'><strong>idele</strong></span> <span class='ocrx_word' id='word_1_21' title='bbox 855 582 885 645; x_wconf 90' lang='lat' dir='ltr'><strong>in</strong></span> <span class='ocrx_word' id='word_1_22' title='bbox 897 592 1050 665; x_wconf 60' lang='lat' dir='ltr'><strong>meumes,</strong></span> <span class='ocrx_word' id='word_1_23' title='bbox 1066 582 1271 647; x_wconf 72' lang='lat' dir='ltr'><strong>delusum</strong></span> <span class='ocrx_word' id='word_1_24' title='bbox 1285 586 1416 649; x_wconf 68' lang='lat' dir='ltr'><strong>umbrae</strong></span> 
     </span>
     <span class='ocr_line' id='line_1_4' title="bbox 189 670 1417 757; baseline -0.004 -17"><span class='ocrx_word' id='word_1_25' title='bbox 189 675 258 741; x_wconf 77' lang='lat' dir='ltr'><strong>sine</strong></span> <span class='ocrx_word' id='word_1_26' title='bbox 281 674 400 757; x_wconf 84' lang='lat' dir='ltr'><strong>plaeere</strong></span> <span class='ocrx_word' id='word_1_27' title='bbox 424 681 453 735; x_wconf 91' lang='lat' dir='ltr'><strong>et</strong></span> <span class='ocrx_word' id='word_1_28' title='bbox 475 671 603 756; x_wconf 82' lang='lat' dir='ltr'><strong>dapibus</strong></span> <span class='ocrx_word' id='word_1_29' title='bbox 612 671 667 750; x_wconf 80' lang='lat'><strong>**).</strong></span> <span class='ocrx_word' id='word_1_30' title='bbox 702 670 769 734; x_wconf 72' lang='lat' dir='ltr'><strong>eet</strong></span> <span class='ocrx_word' id='word_1_31' title='bbox 786 691 856 736; x_wconf 87' lang='lat' dir='ltr'><strong>rere</strong></span> <span class='ocrx_word' id='word_1_32' title='bbox 878 671 1031 753; x_wconf 81' lang='lat' dir='ltr'><strong>respondit</strong></span> <span class='ocrx_word' id='word_1_33' title='bbox 1046 674 1223 751; x_wconf 63' lang='lat' dir='ltr'><strong>desuem</strong></span> <span class='ocrx_word' id='word_1_34' title='bbox 1242 681 1272 734; x_wconf 94' lang='lat' dir='ltr'><strong>et</strong></span> <span class='ocrx_word' id='word_1_35' title='bbox 1288 691 1417 735; x_wconf 83' lang='lat' dir='ltr'><strong>errasse</strong></span> 
     </span>
     <span class='ocr_line' id='line_1_5' title="bbox 191 756 1415 838; baseline -0.003 -12"><span class='ocrx_word' id='word_1_36' title='bbox 191 784 258 831; x_wconf 85' lang='lat' dir='ltr'><strong>eum</strong></span> <span class='ocrx_word' id='word_1_37' title='bbox 277 760 479 838; x_wconf 76' lang='lat' dir='ltr'><strong>estendit⁴**).</strong></span> <span class='ocrx_word' id='word_1_38' title='bbox 523 758 611 838; x_wconf 76' lang='lat' dir='ltr'><strong>Queri</strong></span> <span class='ocrx_word' id='word_1_39' title='bbox 634 779 704 825; x_wconf 81' lang='lat' dir='ltr'><strong>rere</strong></span> <span class='ocrx_word' id='word_1_40' title='bbox 719 779 799 821; x_wconf 85' lang='lat' dir='ltr'><strong>nune</strong></span> <span class='ocrx_word' id='word_1_41' title='bbox 814 759 916 823; x_wconf 66' lang='lat' dir='ltr'><strong>utinet</strong></span> <span class='ocrx_word' id='word_1_42' title='bbox 930 759 968 820; x_wconf 86' lang='lat' dir='ltr'><strong>ad</strong></span> <span class='ocrx_word' id='word_1_43' title='bbox 984 756 1064 822; x_wconf 82' lang='lat' dir='ltr'><strong>illam</strong></span> <span class='ocrx_word' id='word_1_44' title='bbox 1080 759 1255 821; x_wconf 70' lang='lat' dir='ltr'><strong>noemin</strong></span> <span class='ocrx_word' id='word_1_45' title='bbox 1273 757 1415 822; x_wconf 74' lang='lat' dir='ltr'><strong>fabule·</strong></span> 
     </span>
     <span class='ocr_line' id='line_1_6' title="bbox 190 843 1418 933; baseline -0.003 -20"><span class='ocrx_word' id='word_1_46' title='bbox 190 853 227 915; x_wconf 86' lang='lat' dir='ltr'><strong>de</strong></span> <span class='ocrx_word' id='word_1_47' title='bbox 242 843 494 933; x_wconf 69' lang='lat' dir='ltr'><strong>e&#39;rrdperneqeylp</strong></span> <span class='ocrx_word' id='word_1_48' title='bbox 516 847 700 930; x_wconf 68' lang='lat' dir='ltr'><strong>dapibusque</strong></span> <span class='ocrx_word' id='word_1_49' title='bbox 715 846 896 929; x_wconf 76' lang='lat' dir='ltr'><strong>Thyesteis,</strong></span> <span class='ocrx_word' id='word_1_50' title='bbox 918 844 992 909; x_wconf 85' lang='lat' dir='ltr'><strong>laee</strong></span> <span class='ocrx_word' id='word_1_51' title='bbox 1017 856 1195 909; x_wconf 79' lang='lat' dir='ltr'><strong>memoretur</strong></span> <span class='ocrx_word' id='word_1_52' title='bbox 1216 857 1247 909; x_wconf 87' lang='lat' dir='ltr'><strong>et</strong></span> <span class='ocrx_word' id='word_1_53' title='bbox 1260 847 1418 909; x_wconf 78' lang='lat' dir='ltr'><strong>refutatus</strong></span> 
     </span>
     <span class='ocr_line' id='line_1_7' title="bbox 190 931 1418 1017; baseline -0.006 -14"><span class='ocrx_word' id='word_1_54' title='bbox 190 941 229 1003; x_wconf 87' lang='lat' dir='ltr'><strong>ab</strong></span> <span class='ocrx_word' id='word_1_55' title='bbox 245 935 380 1000; x_wconf 84' lang='lat' dir='ltr'><strong>omnibus</strong></span> <span class='ocrx_word' id='word_1_56' title='bbox 403 931 578 1017; x_wconf 67' lang='lat' dir='ltr'><strong>apologetis.</strong></span> <span class='ocrx_word' id='word_1_57' title='bbox 616 935 685 1015; x_wconf 75' lang='lat' dir='ltr'><strong>Qua</strong></span> <span class='ocrx_word' id='word_1_58' title='bbox 709 936 746 997; x_wconf 90' lang='lat' dir='ltr'><strong>de</strong></span> <span class='ocrx_word' id='word_1_59' title='bbox 771 954 803 996; x_wconf 94' lang='lat' dir='ltr'><strong>re</strong></span> <span class='ocrx_word' id='word_1_60' title='bbox 825 933 967 1016; x_wconf 88' lang='lat' dir='ltr'><strong>imprimis</strong></span> <span class='ocrx_word' id='word_1_61' title='bbox 983 935 1140 997; x_wconf 84' lang='lat' dir='ltr'><strong>audiemus</strong></span> <span class='ocrx_word' id='word_1_62' title='bbox 1164 937 1312 998; x_wconf 68' lang='lat' dir='ltr'><strong>cretes</strong></span> <span class='ocrx_word' id='word_1_63' title='bbox 1329 937 1418 1016; x_wconf 90' lang='lat' dir='ltr'><strong>apud</strong></span> 
     </span>
    </p>
   </div>
   <div class='ocr_carea' id='block_1_3' title="bbox 93 1016 1418 1104">
    <p class='ocr_par' dir='ltr' id='par_1_3' title="bbox 93 1016 1418 1104">
     <span class='ocr_line' id='line_1_8' title="bbox 93 1016 1418 1104; baseline -0.007 -11"><span class='ocrx_word' id='word_1_64' title='bbox 93 1016 100 1024; x_wconf 57' lang='grc'>’</span> <span class='ocrx_word' id='word_1_65' title='bbox 119 1026 124 1035; x_wconf 76' lang='grc'><em>’</em></span> <span class='ocrx_word' id='word_1_66' title='bbox 190 1032 349 1091; x_wconf 76' lang='lat' dir='ltr'><strong>dliaeeisar</strong></span> <span class='ocrx_word' id='word_1_67' title='bbox 368 1026 494 1100; x_wconf 64' lang='lat' dir='ltr'><strong>vulterre,</strong></span> <span class='ocrx_word' id='word_1_68' title='bbox 510 1022 560 1104; x_wconf 87' lang='lat' dir='ltr'><strong>qui</strong></span> <span class='ocrx_word' id='word_1_69' title='bbox 577 1021 618 1085; x_wconf 83' lang='lat' dir='ltr'><strong>ite</strong></span> <span class='ocrx_word' id='word_1_70' title='bbox 635 1021 752 1102; x_wconf 81' lang='lat' dir='ltr'><strong>(Oetae.</strong></span> <span class='ocrx_word' id='word_1_71' title='bbox 768 1021 799 1100; x_wconf 81' lang='grc'><strong>9,</strong></span> <span class='ocrx_word' id='word_1_72' title='bbox 815 1019 844 1104; x_wconf 83' lang='lat'><strong>§.</strong></span> <span class='ocrx_word' id='word_1_73' title='bbox 860 1022 922 1099; x_wconf 79' lang='lat' dir='ltr'><strong>d.):</strong></span> <span class='ocrx_word' id='word_1_74' title='bbox 946 1020 1030 1099; x_wconf 81' lang='lat' dir='ltr'><strong>„lem</strong></span> <span class='ocrx_word' id='word_1_75' title='bbox 1047 1024 1084 1084; x_wconf 88' lang='lat' dir='ltr'><strong>de</strong></span> <span class='ocrx_word' id='word_1_76' title='bbox 1100 1020 1252 1085; x_wconf 68' lang='lat' dir='ltr'><strong>initiandis</strong></span> <span class='ocrx_word' id='word_1_77' title='bbox 1269 1022 1418 1085; x_wconf 70' lang='lat' dir='ltr'><strong>tiruncu-</strong></span> 
     </span>
    </p>
   </div>
   <div class='ocr_carea' id='block_1_4' title="bbox 127 1104 1420 1981">
    <p class='ocr_par' dir='ltr' id='par_1_4' title="bbox 127 1104 1420 1981">
     <span class='ocr_line' id='line_1_9' title="bbox 190 1104 1418 1191; baseline -0.003 -14"><span class='ocrx_word' id='word_1_78' title='bbox 190 1114 228 1179; x_wconf 93' lang='lat' dir='ltr'><strong>lis</strong></span> <span class='ocrx_word' id='word_1_79' title='bbox 251 1109 356 1178; x_wconf 80' lang='lat' dir='ltr'><strong>tabula</strong></span> <span class='ocrx_word' id='word_1_80' title='bbox 376 1121 434 1173; x_wconf 84' lang='lat' dir='ltr'><strong>turn</strong></span> <span class='ocrx_word' id='word_1_81' title='bbox 459 1111 630 1173; x_wconf 83' lang='lat' dir='ltr'><strong>detestande</strong></span> <span class='ocrx_word' id='word_1_82' title='bbox 653 1129 740 1191; x_wconf 87' lang='lat' dir='ltr'><strong>quam</strong></span> <span class='ocrx_word' id='word_1_83' title='bbox 762 1117 833 1172; x_wconf 88' lang='lat' dir='ltr'><strong>neta</strong></span> <span class='ocrx_word' id='word_1_84' title='bbox 852 1120 906 1173; x_wconf 86' lang='lat' dir='ltr'><strong>est.</strong></span> <span class='ocrx_word' id='word_1_85' title='bbox 950 1108 1054 1172; x_wconf 83' lang='lat' dir='ltr'><strong>luleus</strong></span> <span class='ocrx_word' id='word_1_86' title='bbox 1077 1104 1156 1171; x_wconf 83' lang='lat' dir='ltr'><strong>lerre</strong></span> <span class='ocrx_word' id='word_1_87' title='bbox 1180 1117 1355 1188; x_wconf 75' lang='lat' dir='ltr'><strong>renuens,</strong></span> <span class='ocrx_word' id='word_1_88' title='bbox 1381 1122 1418 1173; x_wconf 79' lang='lat' dir='ltr'><strong>nt</strong></span> 
     </span>
     <span class='ocr_line' id='line_1_10' title="bbox 193 1194 1419 1283; baseline -0.003 -18"><span class='ocrx_word' id='word_1_89' title='bbox 193 1201 320 1283; x_wconf 88' lang='lat' dir='ltr'><strong>deeipiat</strong></span> <span class='ocrx_word' id='word_1_90' title='bbox 335 1200 480 1272; x_wconf 59' lang='lat' dir='ltr'><strong>incautas</strong></span> <span class='ocrx_word' id='word_1_91' title='bbox 496 1197 652 1281; x_wconf 88' lang='lat' dir='ltr'><strong>eppenitnr</strong></span> <span class='ocrx_word' id='word_1_92' title='bbox 668 1198 706 1275; x_wconf 88' lang='lat' dir='ltr'><strong>ei,</strong></span> <span class='ocrx_word' id='word_1_93' title='bbox 725 1197 775 1280; x_wconf 87' lang='lat' dir='ltr'><strong>qui</strong></span> <span class='ocrx_word' id='word_1_94' title='bbox 792 1197 886 1261; x_wconf 85' lang='lat' dir='ltr'><strong>seeris</strong></span> <span class='ocrx_word' id='word_1_95' title='bbox 901 1196 1048 1271; x_wconf 86' lang='lat' dir='ltr'><strong>imbuitur,</strong></span> <span class='ocrx_word' id='word_1_96' title='bbox 1066 1197 1093 1259; x_wconf 88' lang='lat' dir='ltr'><strong>is</strong></span> <span class='ocrx_word' id='word_1_97' title='bbox 1110 1194 1209 1259; x_wconf 81' lang='lat' dir='ltr'><strong>iniens</strong></span> <span class='ocrx_word' id='word_1_98' title='bbox 1224 1217 1243 1259; x_wconf 86' lang='lat' dir='ltr'><strong>e</strong></span> <span class='ocrx_word' id='word_1_99' title='bbox 1259 1196 1419 1261; x_wconf 77' lang='lat' dir='ltr'><strong>drunenle</strong></span> 
     </span>
     <span class='ocr_line' id='line_1_11' title="bbox 189 1282 1419 1370; baseline -0.004 -17"><span class='ocrx_word' id='word_1_100' title='bbox 189 1288 279 1353; x_wconf 82' lang='lat' dir='ltr'><strong>larris</strong></span> <span class='ocrx_word' id='word_1_101' title='bbox 297 1284 473 1370; x_wconf 77' lang='lat' dir='ltr'><strong>superficie,</strong></span> <span class='ocrx_word' id='word_1_102' title='bbox 498 1285 585 1369; x_wconf 88' lang='lat' dir='ltr'><strong>quasi</strong></span> <span class='ocrx_word' id='word_1_103' title='bbox 601 1287 638 1348; x_wconf 81' lang='lat' dir='ltr'><strong>erl</strong></span> <span class='ocrx_word' id='word_1_104' title='bbox 654 1285 793 1347; x_wconf 83' lang='lat' dir='ltr'><strong>innexies</strong></span> <span class='ocrx_word' id='word_1_105' title='bbox 809 1284 887 1348; x_wconf 84' lang='lat' dir='ltr'><strong>irtus</strong></span> <span class='ocrx_word' id='word_1_106' title='bbox 903 1293 1078 1366; x_wconf 83' lang='lat' dir='ltr'><strong>prereeete,</strong></span> <span class='ocrx_word' id='word_1_107' title='bbox 1101 1282 1200 1347; x_wconf 65' lang='lat' dir='ltr'><strong>merie</strong></span> <span class='ocrx_word' id='word_1_108' title='bbox 1224 1284 1419 1367; x_wconf 83' lang='lat' dir='ltr'><strong>eeenltieque</strong></span> 
     </span>
     <span class='ocr_line' id='line_1_12' title="bbox 190 1371 1418 1457; baseline -0.006 -15"><span class='ocrx_word' id='word_1_109' title='bbox 190 1376 363 1442; x_wconf 74' lang='lat' dir='ltr'><strong>vulneribus</strong></span> <span class='ocrx_word' id='word_1_110' title='bbox 386 1373 547 1438; x_wconf 84' lang='lat' dir='ltr'><strong>eeeiditur:</strong></span> <span class='ocrx_word' id='word_1_111' title='bbox 572 1372 662 1455; x_wconf 78' lang='lat' dir='ltr'><strong>liujus</strong></span> <span class='ocrx_word' id='word_1_112' title='bbox 679 1371 769 1457; x_wconf 83' lang='lat' dir='ltr'><strong>(preb</strong></span> <span class='ocrx_word' id='word_1_113' title='bbox 785 1371 884 1451; x_wconf 78' lang='lat' dir='ltr'><strong>nuiss)</strong></span> <span class='ocrx_word' id='word_1_114' title='bbox 910 1373 1042 1436; x_wconf 74' lang='lat' dir='ltr'><strong>sitienter</strong></span> <span class='ocrx_word' id='word_1_115' title='bbox 1060 1371 1238 1452; x_wconf 72' lang='lat' dir='ltr'><strong>sanguinem</strong></span> <span class='ocrx_word' id='word_1_116' title='bbox 1255 1372 1418 1437; x_wconf 76' lang='lat' dir='ltr'><strong>lesbum:</strong></span> 
     </span>
     <span class='ocr_line' id='line_1_13' title="bbox 190 1458 1419 1547; baseline -0.005 -19"><span class='ocrx_word' id='word_1_117' title='bbox 190 1464 281 1547; x_wconf 74' lang='lat' dir='ltr'><strong>hujus</strong></span> <span class='ocrx_word' id='word_1_118' title='bbox 304 1462 434 1527; x_wconf 67' lang='lat' dir='ltr'><strong>eerlmim</strong></span> <span class='ocrx_word' id='word_1_119' title='bbox 458 1463 589 1525; x_wconf 72' lang='lat' dir='ltr'><strong>membm</strong></span> <span class='ocrx_word' id='word_1_120' title='bbox 614 1461 804 1542; x_wconf 85' lang='lat' dir='ltr'><strong>dispertiunt:</strong></span> <span class='ocrx_word' id='word_1_121' title='bbox 830 1461 886 1522; x_wconf 81' lang='lat' dir='ltr'><strong>liae</strong></span> <span class='ocrx_word' id='word_1_122' title='bbox 909 1460 1100 1525; x_wconf 72' lang='lat' dir='ltr'><strong>foederantur</strong></span> <span class='ocrx_word' id='word_1_123' title='bbox 1122 1458 1236 1522; x_wconf 85' lang='lat' dir='ltr'><strong>bestie:</strong></span> <span class='ocrx_word' id='word_1_124' title='bbox 1259 1460 1315 1527; x_wconf 81' lang='lat' dir='ltr'><strong>leae</strong></span> <span class='ocrx_word' id='word_1_125' title='bbox 1335 1481 1419 1524; x_wconf 84' lang='lat' dir='ltr'><strong>eeu·</strong></span> 
     </span>
     <span class='ocr_line' id='line_1_14' title="bbox 165 1548 1419 1630; baseline -0.005 -14"><span class='ocrx_word' id='word_1_126' title='bbox 165 1552 169 1557; x_wconf 87' lang='grc'><strong>’</strong></span> <span class='ocrx_word' id='word_1_127' title='bbox 191 1551 317 1616; x_wconf 83' lang='lat' dir='ltr'><strong>seientia</strong></span> <span class='ocrx_word' id='word_1_128' title='bbox 332 1550 455 1614; x_wconf 83' lang='lat' dir='ltr'><strong>seeleris</strong></span> <span class='ocrx_word' id='word_1_129' title='bbox 470 1553 507 1613; x_wconf 85' lang='lat' dir='ltr'><strong>ad</strong></span> <span class='ocrx_word' id='word_1_130' title='bbox 523 1548 673 1612; x_wconf 88' lang='lat' dir='ltr'><strong>silentium</strong></span> <span class='ocrx_word' id='word_1_131' title='bbox 687 1557 818 1611; x_wconf 74' lang='lat' dir='ltr'><strong>mutuum</strong></span> <span class='ocrx_word' id='word_1_132' title='bbox 834 1549 1038 1630; x_wconf 72' lang='lat' dir='ltr'><strong>pignerentur.</strong></span> <span class='ocrx_word' id='word_1_133' title='bbox 1076 1548 1161 1611; x_wconf 85' lang='lat' dir='ltr'><strong>llaee</strong></span> <span class='ocrx_word' id='word_1_134' title='bbox 1176 1548 1419 1611; x_wconf 76' lang='lat' dir='ltr'><strong>saera-saerile-</strong></span> 
     </span>
     <span class='ocr_line' id='line_1_15' title="bbox 127 1628 1420 1727; baseline -0.005 -23"><span class='ocrx_word' id='word_1_135' title='bbox 127 1705 131 1727; x_wconf 58' lang='grc'><em>,</em></span> <span class='ocrx_word' id='word_1_136' title='bbox 190 1641 250 1722; x_wconf 75' lang='lat' dir='ltr'><strong>giis</strong></span> <span class='ocrx_word' id='word_1_137' title='bbox 274 1638 411 1703; x_wconf 85' lang='lat' dir='ltr'><strong>omnibus</strong></span> <span class='ocrx_word' id='word_1_138' title='bbox 436 1628 566 1700; x_wconf 79' lang='lat' dir='ltr'><strong>tetriore.</strong></span> <span class='ocrx_word' id='word_1_139' title='bbox 609 1637 649 1700; x_wconf 76' lang='lat' dir='ltr'><strong>lit</strong></span> <span class='ocrx_word' id='word_1_140' title='bbox 671 1638 707 1697; x_wconf 93' lang='lat' dir='ltr'><strong>de</strong></span> <span class='ocrx_word' id='word_1_141' title='bbox 731 1634 866 1700; x_wconf 85' lang='lat' dir='ltr'><strong>eenririe</strong></span> <span class='ocrx_word' id='word_1_142' title='bbox 883 1645 983 1698; x_wconf 71' lang='lat' dir='ltr'><strong>nemu</strong></span> <span class='ocrx_word' id='word_1_143' title='bbox 1006 1644 1068 1715; x_wconf 85' lang='lat' dir='ltr'><strong>est,</strong></span> <span class='ocrx_word' id='word_1_144' title='bbox 1091 1634 1215 1718; x_wconf 80' lang='lat' dir='ltr'><strong>(passim</strong></span> <span class='ocrx_word' id='word_1_145' title='bbox 1238 1656 1345 1698; x_wconf 83' lang='lat' dir='ltr'><strong>emnes</strong></span> <span class='ocrx_word' id='word_1_146' title='bbox 1363 1634 1420 1698; x_wconf 86' lang='lat' dir='ltr'><strong>le-</strong></span> 
     </span>
     <span class='ocr_line' id='line_1_16' title="bbox 190 1721 1420 1810; baseline -0.001 -21"><span class='ocrx_word' id='word_1_147' title='bbox 190 1726 332 1810; x_wconf 86' lang='lat' dir='ltr'><strong>quuntur)</strong></span> <span class='ocrx_word' id='word_1_148' title='bbox 351 1724 381 1786; x_wconf 92' lang='lat' dir='ltr'><strong>id</strong></span> <span class='ocrx_word' id='word_1_149' title='bbox 398 1723 485 1786; x_wconf 78' lang='lat' dir='ltr'><strong>etiam</strong></span> <span class='ocrx_word' id='word_1_150' title='bbox 501 1721 650 1787; x_wconf 77' lang='lat' dir='ltr'><strong>Cirtensis</strong></span> <span class='ocrx_word' id='word_1_151' title='bbox 666 1722 758 1783; x_wconf 81' lang='lat' dir='ltr'><strong>neutri</strong></span> <span class='ocrx_word' id='word_1_152' title='bbox 776 1729 900 1784; x_wconf 82' lang='lat' dir='ltr'><strong>testetur</strong></span> <span class='ocrx_word' id='word_1_153' title='bbox 916 1723 1025 1787; x_wconf 80' lang='lat' dir='ltr'><strong>eretis:</strong></span> <span class='ocrx_word' id='word_1_154' title='bbox 1041 1724 1079 1785; x_wconf 90' lang='lat' dir='ltr'><strong>ad</strong></span> <span class='ocrx_word' id='word_1_155' title='bbox 1097 1722 1202 1805; x_wconf 85' lang='lat' dir='ltr'><strong>epulas</strong></span> <span class='ocrx_word' id='word_1_156' title='bbox 1217 1722 1347 1786; x_wconf 72' lang='lat' dir='ltr'><strong>selemi</strong></span> <span class='ocrx_word' id='word_1_157' title='bbox 1367 1725 1420 1788; x_wconf 87' lang='lat' dir='ltr'><strong>die</strong></span> 
     </span>
     <span class='ocr_line' id='line_1_17' title="bbox 191 1808 1420 1891; baseline -0.001 -14"><span class='ocrx_word' id='word_1_158' title='bbox 191 1820 307 1891; x_wconf 80' lang='lat' dir='ltr'><strong>nerunt,</strong></span> <span class='ocrx_word' id='word_1_159' title='bbox 323 1831 390 1875; x_wconf 86' lang='lat' dir='ltr'><strong>eum</strong></span> <span class='ocrx_word' id='word_1_160' title='bbox 406 1810 545 1874; x_wconf 84' lang='lat' dir='ltr'><strong>amnibus</strong></span> <span class='ocrx_word' id='word_1_161' title='bbox 561 1809 674 1888; x_wconf 87' lang='lat' dir='ltr'><strong>liberis,</strong></span> <span class='ocrx_word' id='word_1_162' title='bbox 691 1808 854 1888; x_wconf 87' lang='lat' dir='ltr'><strong>sereribus,</strong></span> <span class='ocrx_word' id='word_1_163' title='bbox 873 1810 1024 1888; x_wconf 86' lang='lat' dir='ltr'><strong>matribus,</strong></span> <span class='ocrx_word' id='word_1_164' title='bbox 1051 1829 1144 1874; x_wconf 82' lang='lat' dir='ltr'><strong>sexus</strong></span> <span class='ocrx_word' id='word_1_165' title='bbox 1162 1809 1256 1874; x_wconf 80' lang='lat' dir='ltr'><strong>annis</strong></span> <span class='ocrx_word' id='word_1_166' title='bbox 1272 1811 1420 1876; x_wconf 76' lang='lat' dir='ltr'><strong>hemines</strong></span> 
     </span>
     <span class='ocr_line' id='line_1_18' title="bbox 153 1895 1420 1981; baseline -0.002 -16"><span class='ocrx_word' id='word_1_167' title='bbox 153 1903 157 1911; x_wconf 84' lang='lat'><em>&#39;</em></span> <span class='ocrx_word' id='word_1_168' title='bbox 191 1911 221 1965; x_wconf 88' lang='lat' dir='ltr'><strong>et</strong></span> <span class='ocrx_word' id='word_1_169' title='bbox 235 1899 331 1963; x_wconf 90' lang='lat' dir='ltr'><strong>emnis</strong></span> <span class='ocrx_word' id='word_1_170' title='bbox 345 1898 460 1963; x_wconf 83' lang='lat' dir='ltr'><strong>aetatis.</strong></span> <span class='ocrx_word' id='word_1_171' title='bbox 507 1895 575 1961; x_wconf 87' lang='lat' dir='ltr'><strong>lllie</strong></span> <span class='ocrx_word' id='word_1_172' title='bbox 589 1906 658 1981; x_wconf 89' lang='lat' dir='ltr'><strong>pest</strong></span> <span class='ocrx_word' id='word_1_173' title='bbox 678 1895 788 1961; x_wconf 81' lang='lat' dir='ltr'><strong>multas</strong></span> <span class='ocrx_word' id='word_1_174' title='bbox 805 1896 909 1979; x_wconf 84' lang='lat' dir='ltr'><strong>epulae</strong></span> <span class='ocrx_word' id='word_1_175' title='bbox 932 1897 983 1960; x_wconf 87' lang='lat' dir='ltr'><strong>ubi</strong></span> <span class='ocrx_word' id='word_1_176' title='bbox 1002 1896 1165 1962; x_wconf 85' lang='lat' dir='ltr'><strong>eenririnm</strong></span> <span class='ocrx_word' id='word_1_177' title='bbox 1190 1896 1280 1961; x_wconf 82' lang='lat' dir='ltr'><strong>caluit</strong></span> <span class='ocrx_word' id='word_1_178' title='bbox 1303 1908 1336 1962; x_wconf 90' lang='lat' dir='ltr'><strong>et</strong></span> <span class='ocrx_word' id='word_1_179' title='bbox 1365 1900 1420 1962; x_wconf 84' lang='lat' dir='ltr'><strong>in·</strong></span> 
     </span>
    </p>
   </div>
   <div class='ocr_carea' id='block_1_5' title="bbox 65 1984 1418 2067">
    <p class='ocr_par' dir='ltr' id='par_1_5' title="bbox 65 1984 1418 2067">
     <span class='ocr_line' id='line_1_19' title="bbox 65 1984 1418 2067; baseline -0.003 -14"><span class='ocrx_word' id='word_1_180' title='bbox 65 2014 69 2029; x_wconf 92' lang='lat'><em>·</em></span> <span class='ocrx_word' id='word_1_181' title='bbox 191 1997 291 2053; x_wconf 68' lang='lat' dir='ltr'><strong>eules</strong></span> <span class='ocrx_word' id='word_1_182' title='bbox 307 1986 440 2053; x_wconf 89' lang='lat' dir='ltr'><strong>libidinis</strong></span> <span class='ocrx_word' id='word_1_183' title='bbox 455 1986 555 2051; x_wconf 80' lang='lat' dir='ltr'><strong>ferrer</strong></span> <span class='ocrx_word' id='word_1_184' title='bbox 572 1985 711 2051; x_wconf 86' lang='lat' dir='ltr'><strong>ebrietate</strong></span> <span class='ocrx_word' id='word_1_185' title='bbox 727 1984 849 2063; x_wconf 86' lang='lat' dir='ltr'><strong>exereit,</strong></span> <span class='ocrx_word' id='word_1_186' title='bbox 867 1984 961 2062; x_wconf 79' lang='lat' dir='ltr'><strong>esuis,</strong></span> <span class='ocrx_word' id='word_1_187' title='bbox 977 1984 1028 2067; x_wconf 89' lang='lat' dir='ltr'><strong>qui</strong></span> <span class='ocrx_word' id='word_1_188' title='bbox 1044 1984 1224 2050; x_wconf 81' lang='lat' dir='ltr'><strong>eundelabre</strong></span> <span class='ocrx_word' id='word_1_189' title='bbox 1240 2005 1340 2050; x_wconf 83' lang='lat' dir='ltr'><strong>nexus</strong></span> <span class='ocrx_word' id='word_1_190' title='bbox 1359 2000 1418 2066; x_wconf 86' lang='lat' dir='ltr'><strong>est,</strong></span> 
     </span>
    </p>
   </div>
   <div class='ocr_carea' id='block_1_6' title="bbox 188 2071 1420 2162">
    <p class='ocr_par' dir='ltr' id='par_1_6' title="bbox 188 2071 1420 2162">
     <span class='ocr_line' id='line_1_20' title="bbox 188 2071 1420 2162; baseline -0.011 -21"><span class='ocrx_word' id='word_1_191' title='bbox 188 2078 273 2162; x_wconf 73' lang='lat' dir='ltr'><strong>iaetu</strong></span> <span class='ocrx_word' id='word_1_192' title='bbox 286 2073 396 2141; x_wconf 70' lang='lat' dir='ltr'><strong>edelar</strong></span> <span class='ocrx_word' id='word_1_193' title='bbox 415 2073 493 2140; x_wconf 85' lang='lat' dir='ltr'><strong>ultra</strong></span> <span class='ocrx_word' id='word_1_194' title='bbox 509 2073 636 2158; x_wconf 87' lang='lat' dir='ltr'><strong>spetiem</strong></span> <span class='ocrx_word' id='word_1_195' title='bbox 651 2072 766 2152; x_wconf 86' lang='lat' dir='ltr'><strong>lineae,</strong></span> <span class='ocrx_word' id='word_1_196' title='bbox 790 2093 849 2156; x_wconf 86' lang='lat' dir='ltr'><strong>qua</strong></span> <span class='ocrx_word' id='word_1_197' title='bbox 865 2073 982 2136; x_wconf 84' lang='lat' dir='ltr'><strong>vinetus</strong></span> <span class='ocrx_word' id='word_1_198' title='bbox 997 2084 1061 2150; x_wconf 83' lang='lat' dir='ltr'><strong>est,</strong></span> <span class='ocrx_word' id='word_1_199' title='bbox 1084 2073 1121 2135; x_wconf 82' lang='lat' dir='ltr'><strong>erl</strong></span> <span class='ocrx_word' id='word_1_200' title='bbox 1145 2071 1282 2155; x_wconf 85' lang='lat' dir='ltr'><strong>impeturn</strong></span> <span class='ocrx_word' id='word_1_201' title='bbox 1297 2084 1328 2136; x_wconf 91' lang='lat' dir='ltr'><strong>et</strong></span> <span class='ocrx_word' id='word_1_202' title='bbox 1346 2076 1420 2139; x_wconf 77' lang='lat' dir='ltr'><strong>sel.</strong></span> 
     </span>
    </p>
   </div>
   <div class='ocr_carea' id='block_1_7' title="bbox 87 2159 1420 2246">
    <p class='ocr_par' dir='ltr' id='par_1_7' title="bbox 87 2159 1420 2246">
     <span class='ocr_line' id='line_1_21' title="bbox 87 2159 1420 2246; baseline -0.002 -16"><span class='ocrx_word' id='word_1_203' title='bbox 87 2208 90 2215; x_wconf 83' lang='lat'><em>·</em></span> <span class='ocrx_word' id='word_1_204' title='bbox 191 2175 252 2229; x_wconf 83' lang='lat' dir='ltr'><strong>tum</strong></span> <span class='ocrx_word' id='word_1_205' title='bbox 274 2164 467 2246; x_wconf 82' lang='lat' dir='ltr'><strong>pr‘ereeetur:</strong></span> <span class='ocrx_word' id='word_1_206' title='bbox 498 2163 543 2227; x_wconf 87' lang='lat' dir='ltr'><strong>sie</strong></span> <span class='ocrx_word' id='word_1_207' title='bbox 565 2182 669 2227; x_wconf 86' lang='lat' dir='ltr'><strong>ererse</strong></span> <span class='ocrx_word' id='word_1_208' title='bbox 691 2172 720 2225; x_wconf 91' lang='lat' dir='ltr'><strong>et</strong></span> <span class='ocrx_word' id='word_1_209' title='bbox 738 2159 883 2225; x_wconf 80' lang='lat' dir='ltr'><strong>exstineto</strong></span> <span class='ocrx_word' id='word_1_210' title='bbox 911 2159 1029 2224; x_wconf 89' lang='lat' dir='ltr'><strong>eenseie</strong></span> <span class='ocrx_word' id='word_1_211' title='bbox 1054 2159 1164 2224; x_wconf 88' lang='lat' dir='ltr'><strong>lumine</strong></span> <span class='ocrx_word' id='word_1_212' title='bbox 1186 2161 1420 2243; x_wconf 79' lang='lat' dir='ltr'><strong>inpudentibus</strong></span> 
     </span>
    </p>
   </div>
   <div class='ocr_carea' id='block_1_8' title="bbox 127 2247 1438 3126">
    <p class='ocr_par' dir='ltr' id='par_1_8' title="bbox 189 2247 1421 2509">
     <span class='ocr_line' id='line_1_22' title="bbox 189 2247 1421 2333; baseline -0.005 -12"><span class='ocrx_word' id='word_1_213' title='bbox 189 2251 322 2321; x_wconf 79' lang='lat' dir='ltr'><strong>enebris</strong></span> <span class='ocrx_word' id='word_1_214' title='bbox 338 2270 434 2315; x_wconf 86' lang='lat' dir='ltr'><strong>nexus</strong></span> <span class='ocrx_word' id='word_1_215' title='bbox 450 2249 589 2315; x_wconf 80' lang='lat' dir='ltr'><strong>irlandae</strong></span> <span class='ocrx_word' id='word_1_216' title='bbox 605 2248 771 2333; x_wconf 81' lang='lat' dir='ltr'><strong>eupiditetis</strong></span> <span class='ocrx_word' id='word_1_217' title='bbox 786 2247 939 2313; x_wconf 83' lang='lat' dir='ltr'><strong>inrelrunt</strong></span> <span class='ocrx_word' id='word_1_218' title='bbox 959 2268 1014 2330; x_wconf 88' lang='lat' dir='ltr'><strong>per</strong></span> <span class='ocrx_word' id='word_1_219' title='bbox 1034 2248 1179 2313; x_wconf 79' lang='lat' dir='ltr'><strong>insertum</strong></span> <span class='ocrx_word' id='word_1_220' title='bbox 1202 2248 1306 2313; x_wconf 81' lang='lat' dir='ltr'><strong>sertis:</strong></span> <span class='ocrx_word' id='word_1_221' title='bbox 1329 2260 1367 2313; x_wconf 92' lang='lat' dir='ltr'><strong>et</strong></span> <span class='ocrx_word' id='word_1_222' title='bbox 1390 2253 1421 2315; x_wconf 87' lang='lat' dir='ltr'><strong>si</strong></span> 
     </span>
     <span class='ocr_line' id='line_1_23' title="bbox 190 2334 1421 2419; baseline -0.001 -16"><span class='ocrx_word' id='word_1_223' title='bbox 190 2361 251 2409; x_wconf 85' lang='lat' dir='ltr'><strong>nen</strong></span> <span class='ocrx_word' id='word_1_224' title='bbox 266 2357 369 2403; x_wconf 88' lang='lat' dir='ltr'><strong>ennes</strong></span> <span class='ocrx_word' id='word_1_225' title='bbox 386 2358 493 2419; x_wconf 83' lang='lat' dir='ltr'><strong>spere,</strong></span> <span class='ocrx_word' id='word_1_226' title='bbox 509 2336 693 2402; x_wconf 87' lang='lat' dir='ltr'><strong>eenseientia</strong></span> <span class='ocrx_word' id='word_1_227' title='bbox 709 2345 806 2400; x_wconf 85' lang='lat' dir='ltr'><strong>tamen</strong></span> <span class='ocrx_word' id='word_1_228' title='bbox 822 2334 932 2418; x_wconf 87' lang='lat' dir='ltr'><strong>pariter</strong></span> <span class='ocrx_word' id='word_1_229' title='bbox 947 2336 1072 2399; x_wconf 78' lang='lat' dir='ltr'><strong>incesti:</strong></span> <span class='ocrx_word' id='word_1_230' title='bbox 1099 2335 1236 2419; x_wconf 79' lang='lat' dir='ltr'><strong>queniam</strong></span> <span class='ocrx_word' id='word_1_231' title='bbox 1251 2345 1319 2399; x_wconf 86' lang='lat' dir='ltr'><strong>rete</strong></span> <span class='ocrx_word' id='word_1_232' title='bbox 1340 2339 1421 2402; x_wconf 84' lang='lat' dir='ltr'><strong>nui·</strong></span> 
     </span>
     <span class='ocr_line' id='line_1_24' title="bbox 190 2423 1304 2509; baseline -0.005 -16"><span class='ocrx_word' id='word_1_233' title='bbox 190 2446 342 2492; x_wconf 74' lang='lat' dir='ltr'><strong>seruorum</strong></span> <span class='ocrx_word' id='word_1_234' title='bbox 358 2424 515 2507; x_wconf 85' lang='lat' dir='ltr'><strong>appetitur,</strong></span> <span class='ocrx_word' id='word_1_235' title='bbox 531 2425 671 2509; x_wconf 88' lang='lat' dir='ltr'><strong>quidquid</strong></span> <span class='ocrx_word' id='word_1_236' title='bbox 687 2424 823 2488; x_wconf 86' lang='lat' dir='ltr'><strong>eeeidere</strong></span> <span class='ocrx_word' id='word_1_237' title='bbox 840 2429 937 2505; x_wconf 86' lang='lat' dir='ltr'><strong>petest</strong></span> <span class='ocrx_word' id='word_1_238' title='bbox 954 2424 985 2486; x_wconf 87' lang='lat' dir='ltr'><strong>in</strong></span> <span class='ocrx_word' id='word_1_239' title='bbox 1001 2433 1072 2487; x_wconf 85' lang='lat' dir='ltr'><strong>eetu</strong></span> <span class='ocrx_word' id='word_1_240' title='bbox 1087 2423 1304 2504; x_wconf 66' lang='lat' dir='ltr'><strong>singulorun.“</strong></span> 
     </span>
    </p>

    <p class='ocr_par' dir='ltr' id='par_1_9' title="bbox 127 2510 1438 3126">
     <span class='ocr_line' id='line_1_25' title="bbox 146 2510 1421 2597; baseline 0.002 -22"><span class='ocrx_word' id='word_1_241' title='bbox 146 2552 149 2560; x_wconf 89' lang='lat'><em>·</em></span> <span class='ocrx_word' id='word_1_242' title='bbox 231 2577 235 2582; x_wconf 69' lang='grc'><strong>,</strong></span> <span class='ocrx_word' id='word_1_243' title='bbox 269 2512 436 2588; x_wconf 71' lang='lat' dir='ltr'><strong>,Praeclare</strong></span> <span class='ocrx_word' id='word_1_244' title='bbox 451 2511 483 2576; x_wconf 90' lang='lat' dir='ltr'><strong>iu</strong></span> <span class='ocrx_word' id='word_1_245' title='bbox 499 2515 601 2583; x_wconf 85' lang='lat' dir='ltr'><strong>eedem</strong></span> <span class='ocrx_word' id='word_1_246' title='bbox 618 2512 738 2593; x_wconf 63' lang='lat' dir='ltr'><strong>liberis)</strong></span> <span class='ocrx_word' id='word_1_247' title='bbox 754 2511 852 2594; x_wconf 75' lang='lat' dir='ltr'><strong>pergit</strong></span> <span class='ocrx_word' id='word_1_248' title='bbox 868 2517 1016 2576; x_wconf 77' lang='lat' dir='ltr'><strong>Miserius</strong></span> <span class='ocrx_word' id='word_1_249' title='bbox 1033 2510 1152 2596; x_wconf 80' lang='lat' dir='ltr'><strong>(Oetes.</strong></span> <span class='ocrx_word' id='word_1_250' title='bbox 1170 2510 1239 2597; x_wconf 79' lang='lat'>2⁸.)</span> <span class='ocrx_word' id='word_1_251' title='bbox 1255 2513 1421 2594; x_wconf 78' lang='lat' dir='ltr'><strong>prebatie·</strong></span> 
     </span>
     <span class='ocr_line' id='line_1_26' title="bbox 190 2598 1420 2685; baseline 0 -18"><span class='ocrx_word' id='word_1_252' title='bbox 190 2624 258 2667; x_wconf 85' lang='lat' dir='ltr'><strong>nem</strong></span> <span class='ocrx_word' id='word_1_253' title='bbox 275 2601 465 2666; x_wconf 85' lang='lat' dir='ltr'><strong>desiderans:</strong></span> <span class='ocrx_word' id='word_1_254' title='bbox 482 2600 600 2680; x_wconf 73' lang='lat' dir='ltr'><strong>„Qum</strong></span> <span class='ocrx_word' id='word_1_255' title='bbox 614 2611 712 2666; x_wconf 88' lang='lat' dir='ltr'><strong>antem</strong></span> <span class='ocrx_word' id='word_1_256' title='bbox 725 2600 859 2685; x_wconf 86' lang='lat' dir='ltr'><strong>iniquum</strong></span> <span class='ocrx_word' id='word_1_257' title='bbox 875 2598 925 2674; x_wconf 87' lang='lat' dir='ltr'><strong>sit,</strong></span> <span class='ocrx_word' id='word_1_258' title='bbox 941 2602 977 2663; x_wconf 91' lang='lat' dir='ltr'><strong>de</strong></span> <span class='ocrx_word' id='word_1_259' title='bbox 992 2599 1153 2681; x_wconf 79' lang='lat' dir='ltr'><strong>incognitis</strong></span> <span class='ocrx_word' id='word_1_260' title='bbox 1171 2610 1199 2662; x_wconf 87' lang='lat' dir='ltr'><strong>et</strong></span> <span class='ocrx_word' id='word_1_261' title='bbox 1215 2600 1420 2682; x_wconf 77' lang='lat' dir='ltr'><strong>inexploratis</strong></span> 
     </span>
     <span class='ocr_line' id='line_1_27' title="bbox 187 2686 1438 2774; baseline 0.001 -20"><span class='ocrx_word' id='word_1_262' title='bbox 187 2691 340 2774; x_wconf 83' lang='lat' dir='ltr'><strong>judicare,</strong></span> <span class='ocrx_word' id='word_1_263' title='bbox 364 2692 441 2772; x_wconf 87' lang='lat' dir='ltr'><strong>qued</strong></span> <span class='ocrx_word' id='word_1_264' title='bbox 459 2688 576 2768; x_wconf 71' lang='lat' dir='ltr'><strong>laeiti&#39;sq</strong></span> <span class='ocrx_word' id='word_1_265' title='bbox 600 2687 781 2771; x_wconf 78' lang='lat' dir='ltr'><strong>nobisipsis</strong></span> <span class='ocrx_word' id='word_1_266' title='bbox 806 2687 1022 2772; x_wconf 82' lang='lat' dir='ltr'><strong>poenitentibus</strong></span> <span class='ocrx_word' id='word_1_267' title='bbox 1047 2686 1173 2754; x_wconf 82' lang='lat' dir='ltr'><strong>credite:</strong></span> <span class='ocrx_word' id='word_1_268' title='bbox 1198 2698 1227 2750; x_wconf 90' lang='lat' dir='ltr'><strong>et</strong></span> <span class='ocrx_word' id='word_1_269' title='bbox 1250 2708 1306 2752; x_wconf 90' lang='lat' dir='ltr'><strong>aes</strong></span> <span class='ocrx_word' id='word_1_270' title='bbox 1328 2691 1438 2755; x_wconf 81' lang='lat' dir='ltr'><strong>eninr</strong></span> 
     </span>
     <span class='ocr_line' id='line_1_28' title="bbox 190 2775 1420 2860; baseline -0.001 -18"><span class='ocrx_word' id='word_1_271' title='bbox 190 2780 269 2844; x_wconf 87' lang='lat' dir='ltr'><strong>idem</strong></span> <span class='ocrx_word' id='word_1_272' title='bbox 284 2778 412 2856; x_wconf 81' lang='lat' dir='ltr'><strong>luimus,</strong></span> <span class='ocrx_word' id='word_1_273' title='bbox 435 2789 464 2840; x_wconf 93' lang='lat' dir='ltr'><strong>et</strong></span> <span class='ocrx_word' id='word_1_274' title='bbox 488 2780 588 2841; x_wconf 86' lang='lat' dir='ltr'><strong>eedem</strong></span> <span class='ocrx_word' id='word_1_275' title='bbox 607 2777 759 2841; x_wconf 87' lang='lat' dir='ltr'><strong>rebiseum</strong></span> <span class='ocrx_word' id='word_1_276' title='bbox 775 2779 921 2860; x_wconf 80' lang='lat' dir='ltr'><strong>quendam</strong></span> <span class='ocrx_word' id='word_1_277' title='bbox 936 2775 1035 2839; x_wconf 83' lang='lat' dir='ltr'><strong>adhue</strong></span> <span class='ocrx_word' id='word_1_278' title='bbox 1050 2775 1132 2839; x_wconf 84' lang='lat' dir='ltr'><strong>eeeui</strong></span> <span class='ocrx_word' id='word_1_279' title='bbox 1157 2784 1185 2838; x_wconf 88' lang='lat' dir='ltr'><strong>et</strong></span> <span class='ocrx_word' id='word_1_280' title='bbox 1200 2776 1320 2841; x_wconf 75' lang='lat' dir='ltr'><strong>hebetes</strong></span> <span class='ocrx_word' id='word_1_281' title='bbox 1337 2798 1420 2841; x_wconf 83' lang='lat' dir='ltr'><strong>sen·</strong></span> 
     </span>
     <span class='ocr_line' id='line_1_29' title="bbox 192 2862 1422 2948; baseline 0 -18"><span class='ocrx_word' id='word_1_282' title='bbox 192 2866 356 2943; x_wconf 75' lang='lat' dir='ltr'><strong>debemus,</strong></span> <span class='ocrx_word' id='word_1_283' title='bbox 373 2866 460 2948; x_wconf 87' lang='lat' dir='ltr'><strong>qnasi</strong></span> <span class='ocrx_word' id='word_1_284' title='bbox 478 2865 640 2929; x_wconf 79' lang='lat' dir='ltr'><strong>Christiani</strong></span> <span class='ocrx_word' id='word_1_285' title='bbox 657 2876 787 2929; x_wconf 80' lang='lat' dir='ltr'><strong>menstra</strong></span> <span class='ocrx_word' id='word_1_286' title='bbox 804 2865 951 2940; x_wconf 87' lang='lat' dir='ltr'><strong>eelerent,</strong></span> <span class='ocrx_word' id='word_1_287' title='bbox 969 2862 1097 2927; x_wconf 78' lang='lat' dir='ltr'><strong>inientes</strong></span> <span class='ocrx_word' id='word_1_288' title='bbox 1113 2872 1258 2940; x_wconf 78' lang='lat' dir='ltr'><strong>veterent,</strong></span> <span class='ocrx_word' id='word_1_289' title='bbox 1274 2864 1422 2930; x_wconf 74' lang='lat' dir='ltr'><strong>censivis</strong></span> 
     </span>
     <span class='ocr_line' id='line_1_30' title="bbox 127 2950 1420 3035; baseline -0.002 -17"><span class='ocrx_word' id='word_1_290' title='bbox 127 2999 131 3002; x_wconf 90' lang='lat'><em>-</em></span> <span class='ocrx_word' id='word_1_291' title='bbox 191 2955 306 3020; x_wconf 78' lang='lat' dir='ltr'><strong>inceste</strong></span> <span class='ocrx_word' id='word_1_292' title='bbox 322 2953 489 3019; x_wconf 79' lang='lat' dir='ltr'><strong>miscerent.</strong></span> <span class='ocrx_word' id='word_1_293' title='bbox 525 2954 588 3018; x_wconf 87' lang='lat' dir='ltr'><strong>Nee</strong></span> <span class='ocrx_word' id='word_1_294' title='bbox 604 2953 843 3035; x_wconf 77' lang='lat' dir='ltr'><strong>intelligebamus</strong></span> <span class='ocrx_word' id='word_1_295' title='bbox 860 2954 897 3016; x_wconf 80' lang='lat' dir='ltr'><strong>alr</strong></span> <span class='ocrx_word' id='word_1_296' title='bbox 917 2952 963 3015; x_wconf 89' lang='lat' dir='ltr'><strong>bis</strong></span> <span class='ocrx_word' id='word_1_297' title='bbox 979 2950 1095 3016; x_wconf 77' lang='lat' dir='ltr'><strong>fabulas</strong></span> <span class='ocrx_word' id='word_1_298' title='bbox 1111 2951 1184 3014; x_wconf 87' lang='lat' dir='ltr'><strong>istas</strong></span> <span class='ocrx_word' id='word_1_299' title='bbox 1201 2971 1317 3033; x_wconf 89' lang='lat' dir='ltr'><strong>semper</strong></span> <span class='ocrx_word' id='word_1_300' title='bbox 1335 2973 1420 3018; x_wconf 84' lang='lat' dir='ltr'><strong>ven·</strong></span> 
     </span>
     <span class='ocr_line' id='line_1_31' title="bbox 190 3037 1421 3126; baseline -0.003 -19"><span class='ocrx_word' id='word_1_301' title='bbox 190 3043 270 3108; x_wconf 85' lang='lat' dir='ltr'><strong>tileri</strong></span> <span class='ocrx_word' id='word_1_302' title='bbox 286 3050 314 3107; x_wconf 89' lang='lat' dir='ltr'><strong>et</strong></span> <span class='ocrx_word' id='word_1_303' title='bbox 330 3061 479 3126; x_wconf 81' lang='lat' dir='ltr'><strong>nunquan</strong></span> <span class='ocrx_word' id='word_1_304' title='bbox 493 3042 539 3107; x_wconf 88' lang='lat' dir='ltr'><strong>rel</strong></span> <span class='ocrx_word' id='word_1_305' title='bbox 555 3042 728 3123; x_wconf 74' lang='lat' dir='ltr'><strong>investigari</strong></span> <span class='ocrx_word' id='word_1_306' title='bbox 749 3040 796 3106; x_wconf 83' lang='lat' dir='ltr'><strong>rel</strong></span> <span class='ocrx_word' id='word_1_307' title='bbox 819 3041 948 3123; x_wconf 80' lang='lat' dir='ltr'><strong>preberi¹</strong></span> <span class='ocrx_word' id='word_1_308' title='bbox 963 3059 1019 3106; x_wconf 88' lang='lat' dir='ltr'><strong>nee</strong></span> <span class='ocrx_word' id='word_1_309' title='bbox 1040 3047 1120 3102; x_wconf 88' lang='lat' dir='ltr'><strong>tante</strong></span> <span class='ocrx_word' id='word_1_310' title='bbox 1135 3047 1265 3121; x_wconf 89' lang='lat' dir='ltr'><strong>tempere</strong></span> <span class='ocrx_word' id='word_1_311' title='bbox 1280 3037 1421 3122; x_wconf 78' lang='lat' dir='ltr'><strong>aliquem</strong></span> 
     </span>
    </p>
   </div>
   <div class='ocr_carea' id='block_1_9' title="bbox 190 3245 1438 3488">
    <p class='ocr_par' dir='ltr' id='par_1_10' title="bbox 190 3245 1438 3488">
     <span class='ocr_line' id='line_1_32' title="bbox 192 3245 1438 3350; baseline 0 -13"><span class='ocrx_word' id='word_1_312' title='bbox 192 3246 373 3338; x_wconf 78' lang='lat' dir='ltr'><strong>admittimusl</strong></span> <span class='ocrx_word' id='word_1_313' title='bbox 391 3281 443 3335; x_wconf 82' lang='lat' dir='ltr'><strong>lare</strong></span> <span class='ocrx_word' id='word_1_314' title='bbox 465 3297 480 3333; x_wconf 88' lang='lat' dir='ltr'><strong>a</strong></span> <span class='ocrx_word' id='word_1_315' title='bbox 500 3282 591 3348; x_wconf 86' lang='lat' dir='ltr'><strong>quibus</strong></span> <span class='ocrx_word' id='word_1_316' title='bbox 612 3282 684 3350; x_wconf 85' lang='lat' dir='ltr'><strong>predi</strong></span> <span class='ocrx_word' id='word_1_317' title='bbox 701 3283 809 3349; x_wconf 86' lang='lat' dir='ltr'><strong>petuitl</strong></span> <span class='ocrx_word' id='word_1_318' title='bbox 825 3280 866 3334; x_wconf 77' lang='lat' dir='ltr'><strong>Ab</strong></span> <span class='ocrx_word' id='word_1_319' title='bbox 884 3282 947 3350; x_wconf 84' lang='lat' dir='ltr'><strong>ipsis</strong></span> <span class='ocrx_word' id='word_1_320' title='bbox 966 3282 1033 3333; x_wconf 89' lang='lat' dir='ltr'><strong>euim</strong></span> <span class='ocrx_word' id='word_1_321' title='bbox 1050 3281 1112 3332; x_wconf 85' lang='lat' dir='ltr'><strong>reis.</strong></span> <span class='ocrx_word' id='word_1_322' title='bbox 1141 3245 1206 3333; x_wconf 51' lang='lat' dir='ltr'><strong>&#39;den</strong></span> <span class='ocrx_word' id='word_1_323' title='bbox 1226 3281 1329 3348; x_wconf 88' lang='lat' dir='ltr'><strong>utique,</strong></span> <span class='ocrx_word' id='word_1_324' title='bbox 1353 3295 1438 3337; x_wconf 79' lang='lat' dir='ltr'><strong>eum·</strong></span> 
     </span>
     <span class='ocr_line' id='line_1_33' title="bbox 190 3348 1419 3419; baseline 0.001 -15"><span class='ocrx_word' id='word_1_325' title='bbox 190 3354 280 3406; x_wconf 81' lang='lat' dir='ltr'><strong>velex</strong></span> <span class='ocrx_word' id='word_1_326' title='bbox 297 3352 380 3404; x_wconf 75' lang='lat' dir='ltr'><strong>ferme</strong></span> <span class='ocrx_word' id='word_1_327' title='bbox 395 3350 512 3402; x_wconf 82' lang='lat' dir='ltr'><strong>omnibns</strong></span> <span class='ocrx_word' id='word_1_328' title='bbox 529 3350 660 3419; x_wconf 81' lang='lat' dir='ltr'><strong>mysteriis</strong></span> <span class='ocrx_word' id='word_1_329' title='bbox 674 3351 772 3402; x_wconf 89' lang='lat' dir='ltr'><strong>silentii</strong></span> <span class='ocrx_word' id='word_1_330' title='bbox 788 3350 852 3402; x_wconf 89' lang='lat' dir='ltr'><strong>lldes</strong></span> <span class='ocrx_word' id='word_1_331' title='bbox 871 3351 1007 3402; x_wconf 81' lang='lat' dir='ltr'><strong>debentur.</strong></span> <span class='ocrx_word' id='word_1_332' title='bbox 1035 3348 1216 3401; x_wconf 84' lang='lat' dir='ltr'><strong>Sametlrraeia</strong></span> <span class='ocrx_word' id='word_1_333' title='bbox 1235 3356 1264 3401; x_wconf 90' lang='lat' dir='ltr'><strong>et</strong></span> <span class='ocrx_word' id='word_1_334' title='bbox 1274 3348 1419 3405; x_wconf 80' lang='lat' dir='ltr'><strong>llleusinie</strong></span> 
     </span>
     <span class='ocr_line' id='line_1_34' title="bbox 190 3417 1420 3488; baseline -0.002 -14"><span class='ocrx_word' id='word_1_335' title='bbox 190 3423 343 3474; x_wconf 79' lang='lat' dir='ltr'><strong>reticentur.</strong></span> <span class='ocrx_word' id='word_1_336' title='bbox 381 3417 483 3486; x_wconf 82' lang='lat' dir='ltr'><strong>Quanta</strong></span> <span class='ocrx_word' id='word_1_337' title='bbox 501 3420 583 3484; x_wconf 64' lang='lat' dir='ltr'><strong>maele</strong></span> <span class='ocrx_word' id='word_1_338' title='bbox 603 3419 684 3483; x_wconf 86' lang='lat' dir='ltr'><strong>tulin,</strong></span> <span class='ocrx_word' id='word_1_339' title='bbox 707 3434 774 3486; x_wconf 87' lang='lat' dir='ltr'><strong>quas</strong></span> <span class='ocrx_word' id='word_1_340' title='bbox 794 3419 898 3488; x_wconf 85' lang='lat' dir='ltr'><strong>predita</strong></span> <span class='ocrx_word' id='word_1_341' title='bbox 917 3420 1020 3471; x_wconf 86' lang='lat' dir='ltr'><strong>interim</strong></span> <span class='ocrx_word' id='word_1_342' title='bbox 1038 3418 1116 3470; x_wconf 82' lang='lat' dir='ltr'><strong>etiam</strong></span> <span class='ocrx_word' id='word_1_343' title='bbox 1137 3419 1274 3469; x_wconf 82' lang='lat' dir='ltr'><strong>lemanem</strong></span> <span class='ocrx_word' id='word_1_344' title='bbox 1293 3419 1420 3472; x_wconf 66' lang='lat' dir='ltr'><strong>eri-ud·</strong></span> 
     </span>
    </p>
   </div>
   <div class='ocr_carea' id='block_1_10' title="bbox 103 3487 1416 3558">
    <p class='ocr_par' dir='ltr' id='par_1_11' title="bbox 103 3487 1416 3558">
     <span class='ocr_line' id='line_1_35' title="bbox 103 3487 1416 3558; baseline -0.002 -14"><span class='ocrx_word' id='word_1_345' title='bbox 103 3521 107 3528; x_wconf 40' lang='lat' dir='ltr'>x</span> <span class='ocrx_word' id='word_1_346' title='bbox 189 3492 335 3544; x_wconf 78' lang='lat' dir='ltr'><strong>versionem</strong></span> <span class='ocrx_word' id='word_1_347' title='bbox 354 3488 548 3558; x_wconf 77' lang='lat' dir='ltr'><strong>provocabunt,</strong></span> <span class='ocrx_word' id='word_1_348' title='bbox 572 3488 631 3542; x_wconf 88' lang='lat' dir='ltr'><strong>dum</strong></span> <span class='ocrx_word' id='word_1_349' title='bbox 650 3489 738 3541; x_wconf 71' lang='lat' dir='ltr'><strong>divim</strong></span> <span class='ocrx_word' id='word_1_350' title='bbox 757 3496 888 3542; x_wconf 84' lang='lat' dir='ltr'><strong>servatur.</strong></span> <span class='ocrx_word' id='word_1_351' title='bbox 925 3487 952 3540; x_wconf 89' lang='lat' dir='ltr'><strong>Si</strong></span> <span class='ocrx_word' id='word_1_352' title='bbox 976 3502 1037 3552; x_wconf 68' lang='lat' dir='ltr'><strong>erge</strong></span> <span class='ocrx_word' id='word_1_353' title='bbox 1056 3502 1105 3537; x_wconf 88' lang='lat' dir='ltr'><strong>neu</strong></span> <span class='ocrx_word' id='word_1_354' title='bbox 1124 3487 1174 3554; x_wconf 84' lang='lat' dir='ltr'><strong>ipsi</strong></span> <span class='ocrx_word' id='word_1_355' title='bbox 1192 3487 1337 3554; x_wconf 79' lang='lat' dir='ltr'><strong>proditores</strong></span> <span class='ocrx_word' id='word_1_356' title='bbox 1358 3491 1416 3555; x_wconf 84' lang='lat' dir='ltr'><strong>eei,</strong></span> 
     </span>
    </p>
   </div>
   <div class='ocr_carea' id='block_1_11' title="bbox 148 3554 1453 4526">
    <p class='ocr_par' dir='ltr' id='par_1_12' title="bbox 148 3554 1420 3688">
     <span class='ocr_line' id='line_1_36' title="bbox 189 3554 1420 3683; baseline -0.002 -71"><span class='ocrx_word' id='word_1_357' title='bbox 189 3560 308 3683; x_wconf 62' lang='lat' dir='ltr'><strong>qiequitur</strong></span> <span class='ocrx_word' id='word_1_358' title='bbox 324 3566 355 3611; x_wconf 88' lang='lat' dir='ltr'><strong>ut</strong></span> <span class='ocrx_word' id='word_1_359' title='bbox 373 3558 502 3680; x_wconf 50' lang='lat' dir='ltr'><strong>eqrtrnupi</strong></span> <span class='ocrx_word' id='word_1_360' title='bbox 522 3564 550 3609; x_wconf 87' lang='lat' dir='ltr'><strong>et</strong></span> <span class='ocrx_word' id='word_1_361' title='bbox 565 3558 634 3679; x_wconf 71' lang='lat' dir='ltr'><strong>qqrde</strong></span> <span class='ocrx_word' id='word_1_362' title='bbox 643 3559 784 3679; x_wconf 55' lang='lat' dir='ltr'><strong>fflwm</strong></span> <span class='ocrx_word' id='word_1_363' title='bbox 806 3555 1009 3680; x_wconf 48' lang='lat' dir='ltr'><strong>uetti‘t‘ingscuqu</strong></span> <span class='ocrx_word' id='word_1_364' title='bbox 1026 3570 1128 3676; x_wconf 58' lang='lat' dir='ltr'><strong>semper</strong></span> <span class='ocrx_word' id='word_1_365' title='bbox 1145 3554 1224 3607; x_wconf 86' lang='lat' dir='ltr'><strong>etiem</strong></span> <span class='ocrx_word' id='word_1_366' title='bbox 1242 3556 1301 3639; x_wconf 85' lang='lat' dir='ltr'><strong>piae</strong></span> <span class='ocrx_word' id='word_1_367' title='bbox 1319 3556 1420 3610; x_wconf 78' lang='lat' dir='ltr'><strong>initiu-</strong></span> 
     </span>
     <span class='ocr_line' id='line_1_37' title="bbox 148 3642 1142 3688; baseline -0.009 -4"><span class='ocrx_word' id='word_1_368' title='bbox 148 3667 150 3674; x_wconf 25' lang='grc' dir='ltr'>κ</span> <span class='ocrx_word' id='word_1_369' title='bbox 211 3645 273 3684; x_wconf 82' lang='lat' dir='ltr'><strong>enee</strong></span> <span class='ocrx_word' id='word_1_370' title='bbox 292 3644 407 3684; x_wconf 67' lang='lat' dir='ltr'><strong>areeeu.</strong></span> <span class='ocrx_word' id='word_1_371' title='bbox 435 3642 538 3679; x_wconf 85' lang='lat' dir='ltr'><strong>rennes</strong></span> <span class='ocrx_word' id='word_1_372' title='bbox 612 3642 669 3681; x_wconf 80' lang='lat' dir='ltr'><strong>err</strong></span> <span class='ocrx_word' id='word_1_373' title='bbox 706 3643 854 3680; x_wconf 79' lang='lat' dir='ltr'><strong>seavenn.</strong></span> <span class='ocrx_word' id='word_1_374' title='bbox 939 3642 961 3677; x_wconf 87' lang='lat' dir='ltr'><strong>r.</strong></span> <span class='ocrx_word' id='word_1_375' title='bbox 1046 3661 1053 3675; x_wconf 87' lang='lat'><strong>.</strong></span> <span class='ocrx_word' id='word_1_376' title='bbox 1093 3659 1102 3675; x_wconf 87' lang='lat'><strong>.</strong></span> <span class='ocrx_word' id='word_1_377' title='bbox 1135 3674 1142 3688; x_wconf 80' lang='grc'>,</span> 
     </span>
    </p>

    <p class='ocr_par' dir='ltr' id='par_1_13' title="bbox 188 3640 1450 4043">
     <span class='ocr_line' id='line_1_38' title="bbox 258 3640 1416 3767; baseline -0.003 -16"><span class='ocrx_word' id='word_1_378' title='bbox 258 3699 287 3763; x_wconf 78' lang='lat' dir='ltr'><strong>*l</strong></span> <span class='ocrx_word' id='word_1_379' title='bbox 306 3697 399 3751; x_wconf 82' lang='lat' dir='ltr'><strong>Oetuv.</strong></span> <span class='ocrx_word' id='word_1_380' title='bbox 417 3646 462 3751; x_wconf 69' lang='lat' dir='ltr'><strong>it.</strong></span> <span class='ocrx_word' id='word_1_381' title='bbox 482 3697 510 3767; x_wconf 82' lang='lat'><strong>§.</strong></span> <span class='ocrx_word' id='word_1_382' title='bbox 529 3662 554 3749; x_wconf 73' lang='lat'><strong>6¹.</strong></span> <span class='ocrx_word' id='word_1_383' title='bbox 576 3698 618 3750; x_wconf 88' lang='lat' dir='ltr'><strong>ed.</strong></span> <span class='ocrx_word' id='word_1_384' title='bbox 638 3694 742 3752; x_wconf 79' lang='lat' dir='ltr'><strong>Cellae:</strong></span> <span class='ocrx_word' id='word_1_385' title='bbox 767 3696 896 3750; x_wconf 79' lang='lat' dir='ltr'><strong>Convivia</strong></span> <span class='ocrx_word' id='word_1_386' title='bbox 914 3711 964 3747; x_wconf 91' lang='lat' dir='ltr'><strong>nen</strong></span> <span class='ocrx_word' id='word_1_387' title='bbox 985 3640 1085 3746; x_wconf 66' lang='lat' dir='ltr'><strong>binium</strong></span> <span class='ocrx_word' id='word_1_388' title='bbox 1105 3692 1200 3761; x_wconf 83' lang='lat' dir='ltr'><strong>pudiea</strong></span> <span class='ocrx_word' id='word_1_389' title='bbox 1217 3694 1343 3759; x_wconf 81' lang='lat' dir='ltr'><strong>selinus,</strong></span> <span class='ocrx_word' id='word_1_390' title='bbox 1365 3696 1416 3748; x_wconf 81' lang='lat' dir='ltr'><strong>sed</strong></span> 
     </span>
     <span class='ocr_line' id='line_1_39' title="bbox 189 3762 1417 3834; baseline -0.004 -13"><span class='ocrx_word' id='word_1_391' title='bbox 189 3775 218 3822; x_wconf 87' lang='lat' dir='ltr'><strong>et</strong></span> <span class='ocrx_word' id='word_1_392' title='bbox 233 3768 332 3820; x_wconf 86' lang='lat' dir='ltr'><strong>eebrie.</strong></span> <span class='ocrx_word' id='word_1_393' title='bbox 367 3765 422 3820; x_wconf 87' lang='lat' dir='ltr'><strong>Nee</strong></span> <span class='ocrx_word' id='word_1_394' title='bbox 438 3768 510 3819; x_wconf 83' lang='lat' dir='ltr'><strong>enim</strong></span> <span class='ocrx_word' id='word_1_395' title='bbox 526 3766 689 3830; x_wconf 70' lang='lat' dir='ltr'><strong>indulgemus</strong></span> <span class='ocrx_word' id='word_1_396' title='bbox 707 3766 792 3834; x_wconf 89' lang='lat' dir='ltr'><strong>epulis</strong></span> <span class='ocrx_word' id='word_1_397' title='bbox 810 3774 856 3819; x_wconf 88' lang='lat' dir='ltr'><strong>aut</strong></span> <span class='ocrx_word' id='word_1_398' title='bbox 872 3764 1019 3818; x_wconf 87' lang='lat' dir='ltr'><strong>eenvivium</strong></span> <span class='ocrx_word' id='word_1_399' title='bbox 1036 3777 1107 3814; x_wconf 82' lang='lat' dir='ltr'><strong>nere</strong></span> <span class='ocrx_word' id='word_1_400' title='bbox 1126 3762 1258 3821; x_wconf 83' lang='lat' dir='ltr'><strong>ducimus:</strong></span> <span class='ocrx_word' id='word_1_401' title='bbox 1286 3763 1333 3816; x_wconf 87' lang='lat' dir='ltr'><strong>sed</strong></span> <span class='ocrx_word' id='word_1_402' title='bbox 1349 3779 1417 3829; x_wconf 70' lang='lat' dir='ltr'><strong>gee-</strong></span> 
     </span>
     <span class='ocr_line' id='line_1_40' title="bbox 188 3830 1416 3904; baseline -0.002 -15"><span class='ocrx_word' id='word_1_403' title='bbox 188 3836 271 3889; x_wconf 75' lang='lat' dir='ltr'><strong>ritate</strong></span> <span class='ocrx_word' id='word_1_404' title='bbox 289 3835 448 3888; x_wconf 84' lang='lat' dir='ltr'><strong>bilaritatem</strong></span> <span class='ocrx_word' id='word_1_405' title='bbox 467 3843 657 3904; x_wconf 78' lang='lat' dir='ltr'><strong>temperamus,</strong></span> <span class='ocrx_word' id='word_1_406' title='bbox 676 3842 748 3887; x_wconf 79' lang='lat' dir='ltr'><strong>ueste</strong></span> <span class='ocrx_word' id='word_1_407' title='bbox 767 3850 896 3899; x_wconf 82' lang='lat' dir='ltr'><strong>sermone,</strong></span> <span class='ocrx_word' id='word_1_408' title='bbox 915 3848 1023 3901; x_wconf 90' lang='lat' dir='ltr'><strong>eerpere</strong></span> <span class='ocrx_word' id='word_1_409' title='bbox 1042 3830 1172 3896; x_wconf 76' lang='lat' dir='ltr'><strong>beatiore,</strong></span> <span class='ocrx_word' id='word_1_410' title='bbox 1192 3831 1309 3900; x_wconf 82' lang='lat' dir='ltr'><strong>plerique</strong></span> <span class='ocrx_word' id='word_1_411' title='bbox 1326 3834 1416 3887; x_wconf 81' lang='lat' dir='ltr'><strong>invie-</strong></span> 
     </span>
     <span class='ocr_line' id='line_1_41' title="bbox 188 3901 1450 3974; baseline -0.001 -16"><span class='ocrx_word' id='word_1_412' title='bbox 188 3904 238 3958; x_wconf 84' lang='lat' dir='ltr'><strong>leti</strong></span> <span class='ocrx_word' id='word_1_413' title='bbox 255 3904 370 3971; x_wconf 76' lang='lat' dir='ltr'><strong>eorporis</strong></span> <span class='ocrx_word' id='word_1_414' title='bbox 390 3905 539 3969; x_wconf 73' lang='lat' dir='ltr'><strong>vlrginitnte</strong></span> <span class='ocrx_word' id='word_1_415' title='bbox 556 3912 680 3974; x_wconf 86' lang='lat' dir='ltr'><strong>perpetue</strong></span> <span class='ocrx_word' id='word_1_416' title='bbox 699 3904 822 3956; x_wconf 82' lang='lat' dir='ltr'><strong>fruuntur</strong></span> <span class='ocrx_word' id='word_1_417' title='bbox 838 3903 934 3971; x_wconf 87' lang='lat' dir='ltr'><strong>petius,</strong></span> <span class='ocrx_word' id='word_1_418' title='bbox 952 3915 1028 3970; x_wconf 86' lang='lat' dir='ltr'><strong>quem</strong></span> <span class='ocrx_word' id='word_1_419' title='bbox 1042 3901 1202 3964; x_wconf 67' lang='lat' dir='ltr'><strong>gloriantur:</strong></span> <span class='ocrx_word' id='word_1_420' title='bbox 1220 3908 1322 3954; x_wconf 87' lang='lat' dir='ltr'><strong>tentum</strong></span> <span class='ocrx_word' id='word_1_421' title='bbox 1336 3902 1413 3957; x_wconf 74' lang='lat' dir='ltr'><strong>desi·</strong></span> <span class='ocrx_word' id='word_1_422' title='bbox 1446 3907 1450 3911; x_wconf 83' lang='grc'><strong><em>’</em></strong></span> 
     </span>
     <span class='ocr_line' id='line_1_42' title="bbox 189 3969 1316 4043; baseline -0.002 -19"><span class='ocrx_word' id='word_1_423' title='bbox 189 3987 239 4043; x_wconf 87' lang='lat' dir='ltr'><strong>qne</strong></span> <span class='ocrx_word' id='word_1_424' title='bbox 257 3971 333 4030; x_wconf 85' lang='lat' dir='ltr'><strong>abest</strong></span> <span class='ocrx_word' id='word_1_425' title='bbox 352 3972 445 4024; x_wconf 78' lang='lat' dir='ltr'><strong>incesti</strong></span> <span class='ocrx_word' id='word_1_426' title='bbox 463 3973 567 4040; x_wconf 76' lang='lat' dir='ltr'><strong>cupide,</strong></span> <span class='ocrx_word' id='word_1_427' title='bbox 588 3980 617 4024; x_wconf 92' lang='lat' dir='ltr'><strong>ut</strong></span> <span class='ocrx_word' id='word_1_428' title='bbox 635 3972 769 4041; x_wconf 27' lang='lat' dir='ltr'><strong>nonnullis,</strong></span> <span class='ocrx_word' id='word_1_429' title='bbox 785 3972 873 4025; x_wconf 85' lang='lat' dir='ltr'><strong>ruberl</strong></span> <span class='ocrx_word' id='word_1_430' title='bbox 892 3973 927 4024; x_wconf 86' lang='lat' dir='ltr'><strong>eit</strong></span> <span class='ocrx_word' id='word_1_431' title='bbox 946 3971 1024 4023; x_wconf 81' lang='lat' dir='ltr'><strong>etie&#39;m</strong></span> <span class='ocrx_word' id='word_1_432' title='bbox 1042 3969 1139 4040; x_wconf 87' lang='lat' dir='ltr'><strong>pudiea</strong></span> <span class='ocrx_word' id='word_1_433' title='bbox 1156 3970 1316 4036; x_wconf 79' lang='lat' dir='ltr'><strong>eenjunetie.</strong></span> 
     </span>
    </p>

    <p class='ocr_par' dir='ltr' id='par_1_14' title="bbox 241 4040 1453 4106">
     <span class='ocr_line' id='line_1_43' title="bbox 241 4040 1453 4106; baseline 0.008 -14"><span class='ocrx_word' id='word_1_434' title='bbox 241 4040 306 4101; x_wconf 77' lang='lat'><strong>·**)</strong></span> <span class='ocrx_word' id='word_1_435' title='bbox 324 4042 463 4105; x_wconf 71' lang='lat' dir='ltr'><strong>Augustis.</strong></span> <span class='ocrx_word' id='word_1_436' title='bbox 485 4049 568 4095; x_wconf 85' lang='lat' dir='ltr'><strong>eeutr.</strong></span> <span class='ocrx_word' id='word_1_437' title='bbox 588 4040 680 4094; x_wconf 70' lang='lat' dir='ltr'><strong>liquet.</strong></span> <span class='ocrx_word' id='word_1_438' title='bbox 699 4042 744 4106; x_wconf 75' lang='lat'><strong>20,</strong></span> <span class='ocrx_word' id='word_1_439' title='bbox 762 4042 808 4097; x_wconf 78' lang='lat' dir='ltr'><strong>tt.</strong></span> <span class='ocrx_word' id='word_1_440' title='bbox 1445 4091 1453 4102; x_wconf 93' lang='lat'>.</span> 
     </span>
    </p>

    <p class='ocr_par' dir='ltr' id='par_1_15' title="bbox 188 4106 1416 4526">
     <span class='ocr_line' id='line_1_44' title="bbox 257 4106 1416 4178; baseline 0.001 -16"><span class='ocrx_word' id='word_1_441' title='bbox 257 4106 317 4173; x_wconf 63' lang='lat' dir='ltr'><strong>m)</strong></span> <span class='ocrx_word' id='word_1_442' title='bbox 338 4116 422 4162; x_wconf 87' lang='lat' dir='ltr'><strong>eeutr.</strong></span> <span class='ocrx_word' id='word_1_443' title='bbox 443 4108 534 4163; x_wconf 77' lang='lat' dir='ltr'><strong>linunt.</strong></span> <span class='ocrx_word' id='word_1_444' title='bbox 551 4112 597 4176; x_wconf 79' lang='lat'><strong>20,</strong></span> <span class='ocrx_word' id='word_1_445' title='bbox 617 4110 668 4167; x_wconf 75' lang='lat'><strong>20:</strong></span> <span class='ocrx_word' id='word_1_446' title='bbox 697 4111 822 4177; x_wconf 71' lang='lat' dir='ltr'><strong>„Assupes</strong></span> <span class='ocrx_word' id='word_1_447' title='bbox 840 4117 945 4162; x_wconf 75' lang='lat' dir='ltr'><strong>nestrae</strong></span> <span class='ocrx_word' id='word_1_448' title='bbox 962 4123 1089 4178; x_wconf 83' lang='lat' dir='ltr'><strong>pauperes</strong></span> <span class='ocrx_word' id='word_1_449' title='bbox 1108 4116 1229 4177; x_wconf 80' lang='lat' dir='ltr'><strong>preeunt,</strong></span> <span class='ocrx_word' id='word_1_450' title='bbox 1247 4109 1306 4161; x_wconf 88' lang='lat' dir='ltr'><strong>sive</strong></span> <span class='ocrx_word' id='word_1_451' title='bbox 1326 4108 1416 4175; x_wconf 62' lang='lat' dir='ltr'><strong>nugi-</strong></span> 
     </span>
     <span class='ocr_line' id='line_1_45' title="bbox 188 4175 1414 4246; baseline -0.004 -10"><span class='ocrx_word' id='word_1_452' title='bbox 188 4182 237 4236; x_wconf 84' lang='lat' dir='ltr'><strong>bue</strong></span> <span class='ocrx_word' id='word_1_453' title='bbox 262 4181 318 4234; x_wconf 85' lang='lat' dir='ltr'><strong>eive</strong></span> <span class='ocrx_word' id='word_1_454' title='bbox 342 4179 474 4232; x_wconf 79' lang='lat' dir='ltr'><strong>esrnilrns.</strong></span> <span class='ocrx_word' id='word_1_455' title='bbox 511 4177 631 4233; x_wconf 83' lang='lat' dir='ltr'><strong>Peseitnr</strong></span> <span class='ocrx_word' id='word_1_456' title='bbox 649 4180 717 4232; x_wconf 90' lang='lat' dir='ltr'><strong>enin</strong></span> <span class='ocrx_word' id='word_1_457' title='bbox 733 4187 856 4231; x_wconf 79' lang='lat' dir='ltr'><strong>ereatura</strong></span> <span class='ocrx_word' id='word_1_458' title='bbox 873 4178 922 4232; x_wconf 75' lang='lat' dir='ltr'><strong>liei</strong></span> <span class='ocrx_word' id='word_1_459' title='bbox 939 4178 971 4230; x_wconf 90' lang='lat' dir='ltr'><strong>de</strong></span> <span class='ocrx_word' id='word_1_460' title='bbox 989 4184 1113 4230; x_wconf 68' lang='lat' dir='ltr'><strong>ereatura</strong></span> <span class='ocrx_word' id='word_1_461' title='bbox 1129 4175 1188 4243; x_wconf 83' lang='lat' dir='ltr'><strong>Ilei,</strong></span> <span class='ocrx_word' id='word_1_462' title='bbox 1208 4193 1276 4246; x_wconf 82' lang='lat' dir='ltr'><strong>quae</strong></span> <span class='ocrx_word' id='word_1_463' title='bbox 1295 4179 1414 4232; x_wconf 80' lang='lat' dir='ltr'><strong>beminis</strong></span> 
     </span>
     <span class='ocr_line' id='line_1_46' title="bbox 188 4245 1414 4320; baseline 0 -18"><span class='ocrx_word' id='word_1_464' title='bbox 188 4251 299 4320; x_wconf 77' lang='lat' dir='ltr'><strong>dapibus</strong></span> <span class='ocrx_word' id='word_1_465' title='bbox 320 4263 438 4315; x_wconf 70' lang='lat' dir='ltr'><strong>eengrue</strong></span> <span class='ocrx_word' id='word_1_466' title='bbox 459 4255 509 4301; x_wconf 83' lang='lat' dir='ltr'><strong>eat.</strong></span> <span class='ocrx_word' id='word_1_467' title='bbox 545 4246 598 4300; x_wconf 81' lang='lat' dir='ltr'><strong>Vua</strong></span> <span class='ocrx_word' id='word_1_468' title='bbox 615 4255 704 4301; x_wconf 81' lang='lat' dir='ltr'><strong>eutem</strong></span> <span class='ocrx_word' id='word_1_469' title='bbox 728 4249 826 4313; x_wconf 66' lang='lat' dir='ltr'><strong>ingrati</strong></span> <span class='ocrx_word' id='word_1_470' title='bbox 844 4248 957 4302; x_wconf 87' lang='lat' dir='ltr'><strong>ereeteri</strong></span> <span class='ocrx_word' id='word_1_471' title='bbox 983 4254 1012 4300; x_wconf 87' lang='lat' dir='ltr'><strong>et</strong></span> <span class='ocrx_word' id='word_1_472' title='bbox 1030 4263 1076 4316; x_wconf 83' lang='lat' dir='ltr'><strong>pre</strong></span> <span class='ocrx_word' id='word_1_473' title='bbox 1096 4245 1178 4311; x_wconf 72' lang='lat' dir='ltr'><strong>lurgis</strong></span> <span class='ocrx_word' id='word_1_474' title='bbox 1196 4247 1254 4314; x_wconf 86' lang='lat' dir='ltr'><strong>ejus</strong></span> <span class='ocrx_word' id='word_1_475' title='bbox 1273 4245 1414 4302; x_wconf 62' lang='lat' dir='ltr'><strong>beuedmis</strong></span> 
     </span>
     <span class='ocr_line' id='line_1_47' title="bbox 189 4315 1415 4387; baseline -0.001 -16"><span class='ocrx_word' id='word_1_476' title='bbox 189 4321 332 4384; x_wconf 71' lang='lat' dir='ltr'><strong>sacrileges</strong></span> <span class='ocrx_word' id='word_1_477' title='bbox 348 4317 523 4383; x_wconf 75' lang='lat' dir='ltr'><strong>retribuentes</strong></span> <span class='ocrx_word' id='word_1_478' title='bbox 541 4317 666 4384; x_wconf 86' lang='lat' dir='ltr'><strong>injuriae,</strong></span> <span class='ocrx_word' id='word_1_479' title='bbox 694 4318 814 4385; x_wconf 83' lang='lat' dir='ltr'><strong>queniam</strong></span> <span class='ocrx_word' id='word_1_480' title='bbox 839 4318 988 4387; x_wconf 83' lang='lat' dir='ltr'><strong>plerumque</strong></span> <span class='ocrx_word' id='word_1_481' title='bbox 1015 4317 1042 4369; x_wconf 86' lang='lat' dir='ltr'><strong>iu</strong></span> <span class='ocrx_word' id='word_1_482' title='bbox 1062 4315 1188 4385; x_wconf 72' lang='lat' dir='ltr'><strong>agapibus</strong></span> <span class='ocrx_word' id='word_1_483' title='bbox 1215 4318 1294 4370; x_wconf 85' lang='lat' dir='ltr'><strong>etiam</strong></span> <span class='ocrx_word' id='word_1_484' title='bbox 1314 4331 1415 4371; x_wconf 79' lang='lat' dir='ltr'><strong>eerues</strong></span> 
     </span>
     <span class='ocr_line' id='line_1_48' title="bbox 188 4385 1414 4487; baseline -0.001 -47"><span class='ocrx_word' id='word_1_485' title='bbox 188 4389 346 4471; x_wconf 64' lang='lat' dir='ltr'><strong>pauperibus</strong></span> <span class='ocrx_word' id='word_1_486' title='bbox 362 4394 533 4487; x_wconf 49' lang='lat' dir='ltr'><strong>‘progentem</strong></span> <span class='ocrx_word' id='word_1_487' title='bbox 556 4387 763 4446; x_wconf 75' lang='lat' dir='ltr'><strong>misericerdiam</strong></span> <span class='ocrx_word' id='word_1_488' title='bbox 784 4386 995 4452; x_wconf 74' lang='lat' dir='ltr'><strong>¹Christianorum</strong></span> <span class='ocrx_word' id='word_1_489' title='bbox 1020 4385 1130 4441; x_wconf 80' lang='lat' dir='ltr'><strong>similem</strong></span> <span class='ocrx_word' id='word_1_490' title='bbox 1156 4386 1245 4441; x_wconf 79' lang='lat' dir='ltr'><strong>diuitis</strong></span> <span class='ocrx_word' id='word_1_491' title='bbox 1271 4385 1414 4441; x_wconf 77' lang='lat' dir='ltr'><strong>seerideiis</strong></span> 
     </span>
     <span class='ocr_line' id='line_1_49' title="bbox 188 4472 1168 4526; baseline -0.002 -17"><span class='ocrx_word' id='word_1_492' title='bbox 188 4472 358 4526; x_wconf 68' lang='lat' dir='ltr'><strong>paganorum.</strong></span> <span class='ocrx_word' id='word_1_493' title='bbox 1167 4497 1168 4500; x_wconf 63' lang='lat'>,</span> 
     </span>
    </p>
   </div>
   <div class='ocr_carea' id='block_1_12' title="bbox 205 4515 935 4614">
    <p class='ocr_par' dir='ltr' id='par_1_16' title="bbox 205 4515 935 4614">
     <span class='ocr_line' id='line_1_50' title="bbox 205 4515 935 4614; baseline 0.001 -22"><span class='ocrx_word' id='word_1_494' title='bbox 205 4545 211 4592; x_wconf 76' lang='lat'>1</span> <span class='ocrx_word' id='word_1_495' title='bbox 257 4515 633 4614; x_wconf 41' lang='lat' dir='ltr'><strong>‚tripietis-Gemitu.</strong></span> <span class='ocrx_word' id='word_1_496' title='bbox 775 4591 810 4612; x_wconf 64' lang='lat'><em>„</em></span> <span class='ocrx_word' id='word_1_497' title='bbox 931 4585 935 4593; x_wconf 89' lang='lat'><strong>.</strong></span> 
     </span>
    </p>
   </div>
   <div class='ocr_carea' id='block_1_13' title="bbox 0 0 1542 5075">
    <p class='ocr_par' dir='ltr' id='par_1_17' title="bbox 0 0 1542 5075">
     <span class='ocr_line' id='line_1_51' title="bbox 0 0 1542 5075; baseline 0 0"><span class='ocrx_word' id='word_1_498' title='bbox 0 0 1542 5075; x_wconf 95' lang='lat' dir='ltr'><strong> </strong></span> 
     </span>
    </p>
   </div>
  </div>
 </body>
</html>
