3067 5075
269 236 335 305 ru
462 280 464 284 ⁴
654 231 776 305 mr.
820 231 856 299 c.
870 232 907 301 v.
922 229 1078 333 nemus
1184 270 1189 283 .

271 415 356 479 riore
372 420 465 476 οιιιιιιι
482 412 616 477 trahebat
631 430 740 475 errore.
782 410 929 474 Putabant
944 410 1019 473 enirn
1034 416 1164 489 veteres,
1183 410 1276 491 qnod,
1293 408 1320 470 si
1336 417 1469 493 myron

272 523 395 586 corpora
413 502 502 580 digno
519 499 688 582 exciperent
704 498 814 562 honere
831 511 882 561 ant
899 499 925 560 si
945 521 982 562 ex
999 498 1056 562 hac
1082 499 1141 560 rita
1169 497 1291 579 egressi
1313 499 1393 579 juxta
1408 520 1469 560 mar-

273 590 372 675 tyrum
384 589 559 652 coemeteria
574 586 785 671 sepelirentur,
809 587 966 670 participes
982 590 1179 650 redderentur
1197 587 1366 647 meritorum
1383 599 1468 667 marty·

271 700 347 741 run.
387 676 474 738 Hanc
490 677 656 758 opinionem
671 677 730 756 jaor
746 693 808 738 sec·
825 675 856 738 4.
879 675 956 737 inter
972 675 1158 738 Christianos
1177 674 1348 735 obtinuisse
1365 686 1468 736 reteruu

272 755 417 830 testantur
441 776 636 827 monumenta.
675 764 715 824 lta
742 764 818 824 eninr
843 763 1016 825 Ambrosius
1041 764 1151 843 (Scrm.
1169 766 1243 840 77.)
1268 762 1388 823 scribit:
1410 764 1468 842 quud

271 873 342 916 rero
360 854 485 934 quisque
503 855 579 931 apud
596 850 764 913 memoriam
782 860 937 932 martyrum
954 851 1104 933 sepelitur,
1125 850 1186 910 boc
1204 859 1319 911 tantum
1337 849 1400 909 mibi
1416 869 1467 928 pro·

268 943 361 1003 desse
379 941 492 1001 ridetur
508 938 654 1009 defuncto,
672 950 712 1019 ut,
729 942 934 1000 commendans
950 960 1014 1001 eum
1027 953 1187 1021 martyrum
1206 936 1381 1017 patrocinio,
1397 936 1467 997 alier-

273 1039 321 1090 tus
345 1049 397 1107 pro
420 1025 474 1088 illo
497 1026 712 1107 supplicatione
737 1037 891 1106 augeatur.
935 1027 973 1088 Et
996 1026 1186 1106 Augustinus
1211 1032 1347 1103 (retract.
1362 1021 1396 1100 2,
1412 1023 1468 1100 dt):

273 1115 376 1177 ideoa
401 1115 561 1193 majoribus
581 1113 729 1195 prouisum
756 1126 815 1190 est,
839 1113 951 1194 inquit,
976 1124 1007 1177 ut
1029 1123 1200 1176 sanctornm
1227 1115 1350 1174 ossibus
1372 1130 1470 1191 corpora

228 1224 231 1229 ¹
272 1213 377 1263 nostra
388 1196 550 1276 ‘sor-tenus,
566 1213 607 1277 ut,
625 1203 692 1263 dum
708 1198 778 1263 illos
796 1213 923 1263 tratarus
940 1201 1049 1275 metuit,
1066 1222 1120 1262 nos
1138 1220 1239 1282 poena
1257 1221 1316 1260 non
1334 1210 1469 1277 tangat.—

276 1290 305 1375 ξ.
330 1291 361 1351 8.
394 1288 520 1370 Templa
543 1301 658 1367 autern,
683 1310 758 1370 quae
777 1290 949 1351 dicebantur
975 1297 1128 1371 martyrum
1152 1291 1247 1349 sedes
1273 1300 1302 1348 et
1327 1283 1469 1366 baptisteria

274 1383 433 1459 martyrum
452 1377 635 1439 coemeteriis
653 1377 819 1459 imponendi
837 1379 912 1438 'ritus
929 1377 1029 1457 procul
1047 1377 1135 1438 dubio
1153 1375 1336 1455 quibusdam
1352 1374 1469 1452 interpre·

217 1481 227 1497 ⁶
276 1467 354 1529 tibus
378 1465 456 1526 dedit
479 1465 664 1526 occasionem
688 1468 778 1527 rerira
795 1462 922 1525 Paulina
941 1467 956 1526 l
980 1464 1049 1527 cor.
1067 1463 1116 1539 15,
1134 1465 1188 1524 29.
1216 1461 1383 1543 explicandi
1401 1459 1469 1519 inter·

274 1552 478 1636 prolandique.
502 1552 670 1614 cumcuim
687 1552 726 1611 ibi
742 1551 855 1612 Paulus
873 1552 1008 1631 baptismi
1026 1572 1115 1633 super
1132 1562 1268 1612 mortuos
1286 1549 1395 1630 injiciat
1409 1566 1469 1607 men·

276 1640 384 1702 tionem
403 1651 432 1699 ct
448 1642 538 1699 verba
554 1659 612 1699 non
629 1639 685 1699 levi
703 1635 839 1699 laborent
856 1637 1033 1715 difficultate,
1051 1639 1158 1720 optime
1175 1638 1236 1699 sibi
1256 1635 1407 1699 consulere
1422 1631 1468 1694 exi-

277 1727 433 1788 stimarunt
456 1724 649 1804 interpretes,
675 1725 701 1786 si
726 1727 763 1786 ad
786 1727 862 1786 hanc
880 1736 1008 1788 veterum
1026 1727 1275 1789 cousuetudinem
1295 1728 1469 1805 provocarent

275 1815 342 1878 Non
359 1814 418 1892 jam
436 1811 465 1873 in
484 1811 690 1874 enumerandis
706 1813 809 1874 borum
827 1814 1015 1892 interpretum
1033 1814 1201 1877 nominibus
1222 1812 1410 1885 multarem,
1431 1807 1467 1868 erl

275 1897 497 1989 Lutlrerom*),
529 1899 715 1962 Gerlrardurn
744 1912 773 1963 et
796 1901 961 1980 liturgiam
987 1901 1129 1963 Friderici
1160 1902 1334 1981 nominasse
1359 1894 1468 1958 suiliriat.

276 1986 447 2051 Gerltardns
459 1985 503 2065 **)
529 1987 605 2049 enim
629 1987 719 2049 dicit:
743 1989 945 2069 amplectimur
966 1989 1216 2070 simplicissimam
1234 1989 1316 2049 illam
1333 1982 1465 2066 expositit-

274 2096 341 2138 nem
353 2076 389 2136 de
402 2074 459 2136 ritu
471 2074 636 2155 baptizandi
647 2073 830 2138 Christianos
842 2079 878 2138 ad
891 2074 1029 2157 sepulcra
1041 2088 1231 2139 mortuorum.
1250 2071 1465 2153 Hicantem‘**)t

275 2162 474 2245 apostolorum
492 2170 597 2239 aetate,
615 2161 824 2244 inquitpsupra
842 2161 979 2243 sepulcra
994 2176 1150 2245 martyrum
1170 2166 1352 2244 baptismum
1368 2154 1466 2221 admini-

275 2251 424 2319 strabant,
451 2246 658 2328 quodPanlus
679 2252 693 2309 l
714 2248 1127 2328 Cor.15,29.oommonuit.
1162 2285 1205 2299 -
1239 2253 1268 2336 ξ.
1287 2252 1317 2313 9.
1351 2239 1465 2324 Quamuis

276 2348 373 2399 autem
390 2334 505 2395 inficias
523 2334 566 2396 ire
583 2357 640 2396 uon
657 2335 778 2417 possim,
802 2341 879 2417 quod
894 2337 967 2400 haec
983 2339 1105 2401 Lutberi
1124 2338 1272 2420 expositio
1289 2334 1406 2415 reliquis
1420 2349 1466 2428 otp-

217 2471 222 2479 .
276 2424 375 2494 uibus,
402 2442 476 2501 quae
493 2422 595 2502 partim
612 2443 664 2503 per
682 2424 858 2502 baptismum
875 2424 1066 2503 calamitates,
1086 2427 1189 2507 partim
1207 2447 1263 2508 per
1278 2411 1352 2493 τοὺς
1366 2432 1465 2493 emptu

276 2530 344 2573 cum
362 2509 578 2572 Schurmaunia
594 2510 641 2586 (iu
658 2531 757 2593 opusc.
775 2532 804 2591 p.
820 2512 887 2590 97.)
903 2512 1020 2590 fideles,
1043 2513 1146 2595 partim
1166 2534 1233 2575 euru
1252 2509 1370 2576 Oleario
1385 2515 1410 2567 ct
1423 2503 1466 2563 Fa·

276 2596 370 2661 bricio
388 2598 536 2682 Christum
553 2598 662 2678 ipsum,
682 2599 873 2678 singulariter
890 2611 1042 2678 mortuum,
1066 2601 1248 2682 intelligunt,
1269 2599 1388 2681 palmam
1402 2585 1466 2651 sarilr

201 2715 204 2722 ·
279 2684 455 2767 praeripiat:
480 2688 646 2763 negandum
663 2697 758 2747 tameo
776 2708 834 2747 nou
851 2697 913 2765 est,
938 2692 1013 2769 quod
1034 2688 1120 2751 etiam
1143 2691 1221 2752 banc
1237 2684 1359 2749 Lutberi
1376 2688 1465 2742 reten-

276 2793 400 2853 rumque
417 2772 626 2852 expositionem
643 2773 732 2835 dubia
747 2784 855 2836 vexent
870 2796 926 2836 uon
945 2776 1118 2841 levidensis.
1151 2777 1220 2840 Non
1239 2774 1316 2837 euim
1339 2772 1366 2846 ι)
1382 2782 1465 2828 cult·

276 2860 341 2923 nire
360 2858 429 2920 mibi
445 2858 559 2922 ridetur
574 2881 639 2922 curn
657 2861 726 2922 stilo
742 2862 868 2943 apostoli
884 2865 956 2925 baec
972 2864 1126 2946 expositio.
1157 2862 1320 2944 Apostolus
1337 2857 1405 2921 enirn
1418 2852 1440 2911 lt.
1451 2845 1465 2904 l·

276 2948 464 3030 probaturus,
473 2949 718 3011 resurrectionem
736 2959 914 3013 mortuorum
938 2947 996 3013 sorr
1019 2943 1193 3032 ἅνθρωποι
1211 2952 1362 3030 disputare
1378 2941 1465 3004 ridetur

277 3045 306 3099 et
331 3055 368 3097 ex
392 3035 626 3097 adversariorum
651 3037 805 3117 principiis
826 3037 910 3117 ipsos
934 3040 970 3100 de
989 3037 1107 3102 veritate
1126 3035 1353 3100 resurrectionis
1369 3023 1465 3092 conrin-

277 3143 345 3185 cere
368 3121 521 3186 allaborat.
552 3123 595 3199 u)
611 3123 791 3203 Repuguare
809 3125 877 3185 milri
901 3125 1035 3187 ridentur
1058 3147 1157 3187 eorum
1182 3137 1344 3206 temporum
1364 3117 1465 3179 eireno-

277 3208 413 3272 stantiae.
453 3210 519 3271 Nou
537 3209 613 3270 enirn
629 3209 667 3270 iis
685 3209 864 3291 temporibus
880 3212 1000 3293 publica
1017 3212 1250 3276 Christianorum
1268 3217 1331 3273 erat
1347 3216 1464 3288 persecu·

278 3296 332 3372 tio,
346 3305 378 3357 ut
393 3295 488 3356 sacris
507 3315 611 3358 vacare
627 3308 868 3378 sacramentaque
884 3299 1088 3362 administrare
1102 3321 1160 3361 non
1178 3300 1333 3382 potuerint,
1350 3291 1411 3376 quin
1425 3303 1464 3365 ιι·

277 3383 338 3445 tius
354 3379 482 3463 apostoli
499 3382 608 3463 ubique
624 3382 755 3444 locorum
773 3384 993 3465 baptizaverint.
1030 3388 1068 3449 Et
1093 3391 1288 3451 concedamus
1307 3385 1386 3455 ticet,
1407 3367 1463 3469 quel

276 3471 350 3532 baec
368 3469 504 3549 baptismi
529 3469 742 3533 administratio
759 3472 935 3535 Christianis
958 3474 1048 3536 luerit
1072 3474 1241 3554 interdicta,
1264 3493 1323 3538 non
1347 3471 1464 3559 rameru

279 3557 463 3623 coemeteriis
479 3569 654 3640 martyrum,
679 3561 755 3641 quod
773 3562 932 3623 aduersarii
957 3582 1103 3644 nunquam
1117 3564 1303 3641 ''probabunt,
1324 3558 1373 3620 sed
1391 3556 1463 3631 ponne

193 3661 195 3664 ’
276 3645 308 3708 in
320 3644 500 3723 fluminibus,
515 3645 630 3709 balneis
647 3656 734 3727 atque
752 3647 871 3711 thermis
887 3650 1062 3729 baptismum
1081 3648 1280 3717 celebrabant.
1298 3642 1373 3709 Nibil
1389 3638 1464 3733 itatput

278 3753 345 3795 cunr
361 3733 449 3814 bujus
465 3734 626 3796 sententiae
642 3734 848 3799 defensoribus
864 3747 953 3799 restet
969 3736 1120 3818 praesidii,
1137 3760 1223 3819 quarn
1239 3734 1320 3799 vocis
1336 3722 1406 3802 ὑπὲρ
1415 3735 1464 3815 σις’

278 3818 416 3883 nificatus
433 3820 571 3900 proprius
589 3831 619 3892 et
635 3822 766 3903 reliquae
782 3833 950 3904 repugnent
964 3825 1212 3903 circumstantiae,
1228 3825 1258 3887 iu
1276 3837 1371 3885 eorum
1385 3804 1466 3900 exult:

279 3906 395 3970 catione
410 3908 656 3989 acquiescendum
672 3932 731 3972 non
748 3910 893 3974 existimo.
928 3946 966 3959 -
1000 3910 1029 3995 ξ.
1048 3912 1097 3976 10.
1125 3912 1309 3982 Ambrosium
1325 3901 1414 3997 potius
1427 3888 1463 3986 tl*

277 3994 415 4076 inhujus
438 3994 497 4057 loci
521 3995 696 4061 difficilioris
716 3995 912 4078 explicatione
936 4001 1038 4061 ducem
1062 4012 1241 4081 sequuntur,
1268 3995 1332 4078 qui,
1358 3997 1386 4051 ul
1405 3991 1462 4061 ῬΨ

280 4082 397 4166 quidem
423 4084 553 4165 ridetur,
584 4083 681 4166 magis
707 4084 890 4167 probabilem
916 4087 1150 4155 subministravit
1173 4085 1388 4171 expositionem.
1424 4060 1462 4126 llll

347 4279 376 4365 *ι
399 4309 468 4356 Tum.
489 4306 541 4359 Vr.
560 4308 664 4359 tenear.
685 4263 771 4365 Germ
787 4307 834 4375 fol.
851 4310 913 4367 etc.

320 4417 323 4424 .
347 4369 391 4439 ¹¹¹¹)
410 4378 478 4424 Loro
498 4373 529 4422 de
549 4373 676 4439 baptismo
695 4394 717 4426 r.
737 4376 762 4429 7.
871 4366 878 4379 l

274 4480 278 4487 ,
348 4437 404 4508 m)
425 4440 527 4507 Liturg.
546 4460 569 4498 e.
586 4444 613 4496 l.
636 4447 703 4502 Sere.
721 4445 763 4498 tu.
