<?xml version="1.0" encoding="UTF-8"?>
<!DOCTYPE html PUBLIC "-//W3C//DTD XHTML 1.0 Transitional//EN"
    "http://www.w3.org/TR/xhtml1/DTD/xhtml1-transitional.dtd">
<html xmlns="http://www.w3.org/1999/xhtml" xml:lang="en" lang="en">
 <head>
  <title>
</title>
<meta http-equiv="Content-Type" content="text/html;charset=utf-8" />
  <meta name='ocr-system' content='tesseract 3.04.00' />
  <meta name='ocr-capabilities' content='ocr_page ocr_carea ocr_par ocr_line ocrx_word'/>
</head>
<body>
  <div class='ocr_page' id='page_1' title='image "./thesauruscommen02volbgoog_0337.png"; bbox 0 0 3067 5075; ppageno 0'>
   <div class='ocr_carea' id='block_1_1' title="bbox 556 248 832 323">
    <p class='ocr_par' dir='ltr' id='par_1_1' title="bbox 556 248 832 323">
     <span class='ocr_line' id='line_1_1' title="bbox 556 248 832 323; baseline 0.007 -10"><span class='ocrx_word' id='word_1_1' title='bbox 556 254 594 317; x_wconf 86' lang='lat' dir='ltr'>do</span> <span class='ocrx_word' id='word_1_2' title='bbox 612 248 832 323; x_wconf 74' lang='lat' dir='ltr'>&#39;l‘raditorihns</span> 
     </span>
    </p>
   </div>
   <div class='ocr_carea' id='block_1_2' title="bbox 384 425 886 699">
    <p class='ocr_par' dir='ltr' id='par_1_2' title="bbox 384 425 886 699">
     <span class='ocr_line' id='line_1_2' title="bbox 384 425 852 492; baseline 0.002 -16"><span class='ocrx_word' id='word_1_3' title='bbox 384 488 386 491; x_wconf 12' lang='lat' dir='ltr'>v</span> <span class='ocrx_word' id='word_1_4' title='bbox 493 426 591 479; x_wconf 76' lang='lat' dir='ltr'>Saltim</span> <span class='ocrx_word' id='word_1_5' title='bbox 608 427 720 477; x_wconf 81' lang='lat' dir='ltr'>latentes</span> <span class='ocrx_word' id='word_1_6' title='bbox 735 425 852 492; x_wconf 82' lang='lat' dir='ltr'>pupione</span> 
     </span>
     <span class='ocr_line' id='line_1_3' title="bbox 457 493 841 561; baseline 0.005 -17"><span class='ocrx_word' id='word_1_7' title='bbox 457 493 602 561; x_wconf 70' lang='lat' dir='ltr'><strong><em>Libraeque</em></strong></span> <span class='ocrx_word' id='word_1_8' title='bbox 619 501 724 558; x_wconf 84' lang='lat' dir='ltr'>opertos</span> <span class='ocrx_word' id='word_1_9' title='bbox 742 496 841 560; x_wconf 63' lang='lat' dir='ltr'>dctepn</span> 
     </span>
     <span class='ocr_line' id='line_1_4' title="bbox 458 562 886 629; baseline 0 -16"><span class='ocrx_word' id='word_1_10' title='bbox 458 562 513 625; x_wconf 83' lang='lat' dir='ltr'>Quo</span> <span class='ocrx_word' id='word_1_11' title='bbox 531 571 605 614; x_wconf 79' lang='lat' dir='ltr'>secto</span> <span class='ocrx_word' id='word_1_12' title='bbox 622 579 734 629; x_wconf 79' lang='lat' dir='ltr'>pronoen</span> <span class='ocrx_word' id='word_1_13' title='bbox 752 564 886 615; x_wconf 77' lang='lat' dir='ltr'>seminans</span> 
     </span>
     <span class='ocr_line' id='line_1_5' title="bbox 454 632 822 699; baseline -0.003 -17"><span class='ocrx_word' id='word_1_14' title='bbox 454 634 544 683; x_wconf 81' lang='lat' dir='ltr'>Juetie</span> <span class='ocrx_word' id='word_1_15' title='bbox 562 640 691 684; x_wconf 85' lang='lat' dir='ltr'>orernetor</span> <span class='ocrx_word' id='word_1_16' title='bbox 707 632 822 699; x_wconf 74' lang='lat' dir='ltr'>ipsiius.</span> 
     </span>
    </p>
   </div>
   <div class='ocr_carea' id='block_1_3' title="bbox 337 719 960 994">
    <p class='ocr_par' dir='ltr' id='par_1_3' title="bbox 337 719 960 994">
     <span class='ocr_line' id='line_1_6' title="bbox 490 719 960 784; baseline 0.002 -16"><span class='ocrx_word' id='word_1_17' title='bbox 490 719 541 768; x_wconf 81' lang='lat' dir='ltr'>Hie</span> <span class='ocrx_word' id='word_1_18' title='bbox 558 724 662 784; x_wconf 74' lang='lat' dir='ltr'>martyr</span> <span class='ocrx_word' id='word_1_19' title='bbox 680 719 797 782; x_wconf 70' lang='lat' dir='ltr'>aratore,</span> <span class='ocrx_word' id='word_1_20' title='bbox 820 719 877 769; x_wconf 76' lang='lat' dir='ltr'>nite</span> <span class='ocrx_word' id='word_1_21' title='bbox 957 722 960 731; x_wconf 90' lang='lat'>&#39;</span> 
     </span>
     <span class='ocr_line' id='line_1_7' title="bbox 337 786 879 853; baseline 0.007 -18"><span class='ocrx_word' id='word_1_22' title='bbox 337 822 339 835; x_wconf 91' lang='lat'><em>.</em></span> <span class='ocrx_word' id='word_1_23' title='bbox 446 786 536 850; x_wconf 72' lang='lat' dir='ltr'>&#39;Quem</span> <span class='ocrx_word' id='word_1_24' title='bbox 553 794 598 850; x_wconf 84' lang='lat' dir='ltr'>tu,</span> <span class='ocrx_word' id='word_1_25' title='bbox 615 788 744 853; x_wconf 80' lang='lat' dir='ltr'>malipne,</span> <span class='ocrx_word' id='word_1_26' title='bbox 762 788 879 853; x_wconf 71' lang='lat' dir='ltr'>mysticis</span> 
     </span>
     <span class='ocr_line' id='line_1_8' title="bbox 454 856 823 921; baseline 0.005 -15"><span class='ocrx_word' id='word_1_27' title='bbox 454 856 595 906; x_wconf 84' lang='lat' dir='ltr'>Miuitorie</span> <span class='ocrx_word' id='word_1_28' title='bbox 613 858 696 921; x_wconf 74' lang='lat' dir='ltr'>iponem</span> <span class='ocrx_word' id='word_1_29' title='bbox 716 858 823 920; x_wconf 79' lang='lat' dir='ltr'>litteris,</span> 
     </span>
     <span class='ocr_line' id='line_1_9' title="bbox 454 924 861 994; baseline 0.002 -20"><span class='ocrx_word' id='word_1_30' title='bbox 454 924 601 991; x_wconf 75' lang='lat' dir='ltr'>Fioprnhio</span> <span class='ocrx_word' id='word_1_31' title='bbox 619 924 664 975; x_wconf 88' lang='lat' dir='ltr'>hoo</span> <span class='ocrx_word' id='word_1_32' title='bbox 679 926 736 992; x_wconf 81' lang='lat' dir='ltr'>ipse</span> <span class='ocrx_word' id='word_1_33' title='bbox 749 926 861 994; x_wconf 73' lang='lat' dir='ltr'>justine</span> 
     </span>
    </p>
   </div>
   <div class='ocr_carea' id='block_1_4' title="bbox 452 1000 895 1286">
    <p class='ocr_par' dir='ltr' id='par_1_4' title="bbox 452 1000 895 1286">
     <span class='ocr_line' id='line_1_10' title="bbox 489 1000 895 1076; baseline 0.005 -15"><span class='ocrx_word' id='word_1_34' title='bbox 489 1009 644 1076; x_wconf 79' lang='lat' dir='ltr'>Romphneo</span> <span class='ocrx_word' id='word_1_35' title='bbox 664 1027 726 1062; x_wconf 76' lang='lat' dir='ltr'>nnnc</span> <span class='ocrx_word' id='word_1_36' title='bbox 747 1000 895 1063; x_wconf 80' lang='lat' dir='ltr'>coeleirtionr</span> 
     </span>
     <span class='ocr_line' id='line_1_11' title="bbox 456 1079 811 1144; baseline 0.006 -15"><span class='ocrx_word' id='word_1_37' title='bbox 456 1079 559 1131; x_wconf 76' lang='lat' dir='ltr'>Vindeoe</span> <span class='ocrx_word' id='word_1_38' title='bbox 575 1080 626 1130; x_wconf 88' lang='lat' dir='ltr'>erit</span> <span class='ocrx_word' id='word_1_39' title='bbox 643 1081 811 1144; x_wconf 83' lang='lat' dir='ltr'>uoluminum,</span> 
     </span>
     <span class='ocr_line' id='line_1_12' title="bbox 454 1149 831 1216; baseline 0.005 -18"><span class='ocrx_word' id='word_1_40' title='bbox 454 1149 534 1200; x_wconf 70' lang='lat' dir='ltr'>Tanti</span> <span class='ocrx_word' id='word_1_41' title='bbox 552 1150 643 1200; x_wconf 80' lang='lat' dir='ltr'>ornent</span> <span class='ocrx_word' id='word_1_42' title='bbox 661 1150 831 1216; x_wconf 78' lang='lat' dir='ltr'>interpretem</span> 
     </span>
     <span class='ocr_line' id='line_1_13' title="bbox 452 1219 867 1286; baseline -0.002 -17"><span class='ocrx_word' id='word_1_43' title='bbox 452 1219 583 1284; x_wconf 74' lang='lat' dir='ltr'>ldnpunno</span> <span class='ocrx_word' id='word_1_44' title='bbox 600 1233 727 1284; x_wconf 77' lang='lat' dir='ltr'>perurens</span> <span class='ocrx_word' id='word_1_45' title='bbox 745 1219 867 1286; x_wconf 70' lang='lat' dir='ltr'>solmone.</span> 
     </span>
    </p>
   </div>
   <div class='ocr_carea' id='block_1_5' title="bbox 81 1350 1297 1788">
    <p class='ocr_par' dir='ltr' id='par_1_5' title="bbox 81 1350 1297 1788">
     <span class='ocr_line' id='line_1_14' title="bbox 82 1350 1297 1437; baseline 0.002 -25"><span class='ocrx_word' id='word_1_46' title='bbox 82 1350 168 1428; x_wconf 77' lang='lat' dir='ltr'>Quae</span> <span class='ocrx_word' id='word_1_47' title='bbox 192 1372 256 1412; x_wconf 89' lang='lat' dir='ltr'>cum</span> <span class='ocrx_word' id='word_1_48' title='bbox 283 1359 340 1414; x_wconf 87' lang='lat' dir='ltr'>tnm</span> <span class='ocrx_word' id='word_1_49' title='bbox 357 1364 458 1435; x_wconf 92' lang='lat' dir='ltr'>aperta</span> <span class='ocrx_word' id='word_1_50' title='bbox 476 1355 550 1432; x_wconf 89' lang='lat' dir='ltr'>sint,</span> <span class='ocrx_word' id='word_1_51' title='bbox 575 1367 606 1418; x_wconf 91' lang='lat' dir='ltr'>ut</span> <span class='ocrx_word' id='word_1_52' title='bbox 624 1355 750 1419; x_wconf 89' lang='lat' dir='ltr'>clariora</span> <span class='ocrx_word' id='word_1_53' title='bbox 769 1375 837 1418; x_wconf 89' lang='lat' dir='ltr'>esse</span> <span class='ocrx_word' id='word_1_54' title='bbox 857 1365 1019 1437; x_wconf 77' lang='lat' dir='ltr'>nequeant,</span> <span class='ocrx_word' id='word_1_55' title='bbox 1044 1354 1116 1416; x_wconf 90' lang='lat' dir='ltr'>nihil</span> <span class='ocrx_word' id='word_1_56' title='bbox 1136 1364 1196 1428; x_wconf 89' lang='lat' dir='ltr'>cst,</span> <span class='ocrx_word' id='word_1_57' title='bbox 1220 1356 1297 1436; x_wconf 85' lang='lat' dir='ltr'>quod</span> 
     </span>
     <span class='ocr_line' id='line_1_15' title="bbox 81 1439 1297 1525; baseline 0.001 -25"><span class='ocrx_word' id='word_1_58' title='bbox 81 1441 118 1501; x_wconf 88' lang='lat' dir='ltr'>de</span> <span class='ocrx_word' id='word_1_59' title='bbox 138 1439 269 1519; x_wconf 85' lang='lat' dir='ltr'>quaesito</span> <span class='ocrx_word' id='word_1_60' title='bbox 286 1440 440 1505; x_wconf 72' lang='lat' dir='ltr'>traditione</span> <span class='ocrx_word' id='word_1_61' title='bbox 454 1447 492 1505; x_wconf 87' lang='lat' dir='ltr'>ah</span> <span class='ocrx_word' id='word_1_62' title='bbox 510 1443 717 1506; x_wconf 77' lang='lat' dir='ltr'>archidiacono</span> <span class='ocrx_word' id='word_1_63' title='bbox 735 1444 872 1506; x_wconf 83' lang='lat' dir='ltr'>iacienda</span> <span class='ocrx_word' id='word_1_64' title='bbox 885 1446 1060 1519; x_wconf 86' lang='lat' dir='ltr'>dabitemus,</span> <span class='ocrx_word' id='word_1_65' title='bbox 1078 1443 1211 1525; x_wconf 81' lang='lat' dir='ltr'>quamuis</span> <span class='ocrx_word' id='word_1_66' title='bbox 1223 1440 1297 1503; x_wconf 83' lang='lat' dir='ltr'>nihil</span> 
     </span>
     <span class='ocr_line' id='line_1_16' title="bbox 81 1526 1296 1614; baseline 0.002 -27"><span class='ocrx_word' id='word_1_67' title='bbox 81 1529 118 1587; x_wconf 92' lang='lat' dir='ltr'>de</span> <span class='ocrx_word' id='word_1_68' title='bbox 143 1526 237 1588; x_wconf 88' lang='lat' dir='ltr'>sacris</span> <span class='ocrx_word' id='word_1_69' title='bbox 255 1527 339 1590; x_wconf 90' lang='lat' dir='ltr'>libris</span> <span class='ocrx_word' id='word_1_70' title='bbox 362 1529 392 1589; x_wconf 90' lang='lat' dir='ltr'>in</span> <span class='ocrx_word' id='word_1_71' title='bbox 416 1532 490 1594; x_wconf 90' lang='lat' dir='ltr'>actis</span> <span class='ocrx_word' id='word_1_72' title='bbox 522 1553 577 1594; x_wconf 87' lang='lat' dir='ltr'>uec</span> <span class='ocrx_word' id='word_1_73' title='bbox 601 1535 678 1614; x_wconf 87' lang='lat' dir='ltr'>opud</span> <span class='ocrx_word' id='word_1_74' title='bbox 695 1532 895 1613; x_wconf 82' lang='lat' dir='ltr'>Angustinmn</span> <span class='ocrx_word' id='word_1_75' title='bbox 920 1531 1095 1595; x_wconf 75' lang='lat' dir='ltr'>inveniatur.</span> <span class='ocrx_word' id='word_1_76' title='bbox 1129 1530 1207 1608; x_wconf 74' lang='lat' dir='ltr'>Quid</span> <span class='ocrx_word' id='word_1_77' title='bbox 1228 1550 1296 1591; x_wconf 84' lang='lat' dir='ltr'>rero</span> 
     </span>
     <span class='ocr_line' id='line_1_17' title="bbox 81 1613 1296 1701; baseline 0.002 -27"><span class='ocrx_word' id='word_1_78' title='bbox 81 1613 138 1674; x_wconf 89' lang='lat' dir='ltr'>sibi</span> <span class='ocrx_word' id='word_1_79' title='bbox 155 1614 224 1676; x_wconf 82' lang='lat' dir='ltr'>velit</span> <span class='ocrx_word' id='word_1_80' title='bbox 241 1614 376 1695; x_wconf 80' lang='lat' dir='ltr'>Optatus,</span> <span class='ocrx_word' id='word_1_81' title='bbox 395 1638 459 1680; x_wconf 92' lang='lat' dir='ltr'>eum</span> <span class='ocrx_word' id='word_1_82' title='bbox 477 1619 617 1682; x_wconf 83' lang='lat' dir='ltr'>diaconos</span> <span class='ocrx_word' id='word_1_83' title='bbox 636 1622 749 1682; x_wconf 90' lang='lat' dir='ltr'>tertium</span> <span class='ocrx_word' id='word_1_84' title='bbox 767 1619 923 1683; x_wconf 88' lang='lat' dir='ltr'>sacerdotii</span> <span class='ocrx_word' id='word_1_85' title='bbox 944 1640 1039 1701; x_wconf 76' lang='lat' dir='ltr'>genus</span> <span class='ocrx_word' id='word_1_86' title='bbox 1057 1617 1179 1694; x_wconf 79' lang='lat' dir='ltr'>vocarit,</span> <span class='ocrx_word' id='word_1_87' title='bbox 1199 1617 1296 1698; x_wconf 81' lang='lat' dir='ltr'>expli-</span> 
     </span>
     <span class='ocr_line' id='line_1_18' title="bbox 82 1703 1296 1788; baseline 0.002 -25"><span class='ocrx_word' id='word_1_88' title='bbox 82 1712 185 1763; x_wconf 88' lang='lat' dir='ltr'>carunt</span> <span class='ocrx_word' id='word_1_89' title='bbox 211 1723 269 1763; x_wconf 91' lang='lat' dir='ltr'>non</span> <span class='ocrx_word' id='word_1_90' title='bbox 302 1703 399 1766; x_wconf 90' lang='lat' dir='ltr'>solum</span> <span class='ocrx_word' id='word_1_91' title='bbox 431 1706 495 1788; x_wconf 87' lang='lat' dir='ltr'>ejus</span> <span class='ocrx_word' id='word_1_92' title='bbox 521 1719 781 1786; x_wconf 76' lang='lat' dir='ltr'>commentatores,</span> <span class='ocrx_word' id='word_1_93' title='bbox 813 1709 944 1783; x_wconf 77' lang='lat' dir='ltr'>lidericus</span> <span class='ocrx_word' id='word_1_94' title='bbox 971 1707 1167 1770; x_wconf 88' lang='lat' dir='ltr'>Cosauhonus</span> <span class='ocrx_word' id='word_1_95' title='bbox 1195 1714 1222 1767; x_wconf 91' lang='lat' dir='ltr'>et</span> <span class='ocrx_word' id='word_1_96' title='bbox 1246 1706 1296 1767; x_wconf 86' lang='lat' dir='ltr'>Du</span> 
     </span>
    </p>
   </div>
   <div class='ocr_carea' id='block_1_6' title="bbox 79 1789 1296 1958">
    <p class='ocr_par' dir='ltr' id='par_1_6' title="bbox 79 1789 1296 1958">
     <span class='ocr_line' id='line_1_19' title="bbox 79 1789 1296 1877; baseline 0.003 -26"><span class='ocrx_word' id='word_1_97' title='bbox 79 1789 183 1851; x_wconf 89' lang='lat' dir='ltr'>Pinius</span> <span class='ocrx_word' id='word_1_98' title='bbox 194 1815 202 1865; x_wconf 81' lang='lat'>3</span> <span class='ocrx_word' id='word_1_99' title='bbox 227 1791 278 1851; x_wconf 92' lang='lat' dir='ltr'>sed</span> <span class='ocrx_word' id='word_1_100' title='bbox 297 1791 382 1854; x_wconf 89' lang='lat' dir='ltr'>etiam</span> <span class='ocrx_word' id='word_1_101' title='bbox 398 1794 459 1857; x_wconf 85' lang='lat' dir='ltr'>los.</span> <span class='ocrx_word' id='word_1_102' title='bbox 477 1794 660 1877; x_wconf 79' lang='lat' dir='ltr'>Binghamus</span> <span class='ocrx_word' id='word_1_103' title='bbox 689 1796 731 1876; x_wconf 92' lang='lat' dir='ltr'>(in</span> <span class='ocrx_word' id='word_1_104' title='bbox 753 1798 913 1876; x_wconf 81' lang='lat' dir='ltr'>Oripinilns</span> <span class='ocrx_word' id='word_1_105' title='bbox 930 1799 1023 1858; x_wconf 80' lang='lat' dir='ltr'>erclen.</span> <span class='ocrx_word' id='word_1_106' title='bbox 1045 1797 1107 1857; x_wconf 85' lang='lat' dir='ltr'>Vol.</span> <span class='ocrx_word' id='word_1_107' title='bbox 1125 1799 1149 1854; x_wconf 89' lang='lat' dir='ltr'>l.</span> <span class='ocrx_word' id='word_1_108' title='bbox 1174 1816 1203 1874; x_wconf 86' lang='lat' dir='ltr'>p.</span> <span class='ocrx_word' id='word_1_109' title='bbox 1223 1793 1296 1855; x_wconf 73' lang='grc'><strong>285.</strong></span> 
     </span>
     <span class='ocr_line' id='line_1_20' title="bbox 82 1876 781 1958; baseline 0.001 -19"><span class='ocrx_word' id='word_1_110' title='bbox 82 1879 128 1940; x_wconf 86' lang='lat' dir='ltr'>ed.</span> <span class='ocrx_word' id='word_1_111' title='bbox 146 1877 340 1958; x_wconf 82' lang='lat' dir='ltr'>Grischorii).</span> <span class='ocrx_word' id='word_1_112' title='bbox 778 1876 781 1884; x_wconf 75' lang='grc'><em>’</em></span> 
     </span>
    </p>
   </div>
   <div class='ocr_carea' id='block_1_7' title="bbox 73 1983 1308 3122">
    <p class='ocr_par' dir='ltr' id='par_1_7' title="bbox 73 1983 1308 3122">
     <span class='ocr_line' id='line_1_21' title="bbox 165 1983 1294 2068; baseline 0.002 -24"><span class='ocrx_word' id='word_1_113' title='bbox 165 1985 251 2063; x_wconf 77' lang='lat' dir='ltr'>Quae</span> <span class='ocrx_word' id='word_1_114' title='bbox 269 1984 410 2047; x_wconf 90' lang='lat' dir='ltr'>hacteuus</span> <span class='ocrx_word' id='word_1_115' title='bbox 428 1988 463 2048; x_wconf 88' lang='lat' dir='ltr'>de</span> <span class='ocrx_word' id='word_1_116' title='bbox 483 1987 637 2049; x_wconf 78' lang='lat' dir='ltr'>traditione</span> <span class='ocrx_word' id='word_1_117' title='bbox 654 1989 691 2048; x_wconf 85' lang='lat' dir='ltr'>alr</span> <span class='ocrx_word' id='word_1_118' title='bbox 710 1984 869 2068; x_wconf 89' lang='lat' dir='ltr'>episcopis,</span> <span class='ocrx_word' id='word_1_119' title='bbox 890 1983 1067 2066; x_wconf 76' lang='lat' dir='ltr'>preshyteris</span> <span class='ocrx_word' id='word_1_120' title='bbox 1085 1994 1170 2066; x_wconf 87' lang='lat' dir='ltr'>atque</span> <span class='ocrx_word' id='word_1_121' title='bbox 1190 1984 1294 2046; x_wconf 90' lang='lat' dir='ltr'>diaco-</span> 
     </span>
     <span class='ocr_line' id='line_1_22' title="bbox 78 2068 1294 2158; baseline 0.003 -28"><span class='ocrx_word' id='word_1_122' title='bbox 78 2068 124 2132; x_wconf 90' lang='lat' dir='ltr'>nis</span> <span class='ocrx_word' id='word_1_123' title='bbox 142 2070 308 2153; x_wconf 76' lang='lat' dir='ltr'>efflagitata</span> <span class='ocrx_word' id='word_1_124' title='bbox 327 2072 462 2152; x_wconf 80' lang='lat' dir='ltr'>diximus,</span> <span class='ocrx_word' id='word_1_125' title='bbox 482 2095 517 2136; x_wconf 90' lang='lat' dir='ltr'>ea</span> <span class='ocrx_word' id='word_1_126' title='bbox 533 2096 648 2158; x_wconf 89' lang='lat' dir='ltr'>quoquc</span> <span class='ocrx_word' id='word_1_127' title='bbox 665 2076 702 2135; x_wconf 93' lang='lat' dir='ltr'>ad</span> <span class='ocrx_word' id='word_1_128' title='bbox 719 2075 889 2136; x_wconf 85' lang='lat' dir='ltr'>inferiorum</span> <span class='ocrx_word' id='word_1_129' title='bbox 909 2073 1041 2133; x_wconf 89' lang='lat' dir='ltr'>ordinum</span> <span class='ocrx_word' id='word_1_130' title='bbox 1060 2069 1184 2134; x_wconf 89' lang='lat' dir='ltr'>clericos</span> <span class='ocrx_word' id='word_1_131' title='bbox 1201 2071 1294 2134; x_wconf 85' lang='lat' dir='ltr'>olias·</span> 
     </span>
     <span class='ocr_line' id='line_1_23' title="bbox 78 2158 1294 2244; baseline 0.002 -25"><span class='ocrx_word' id='word_1_132' title='bbox 78 2179 133 2238; x_wconf 85' lang='lat' dir='ltr'>qne</span> <span class='ocrx_word' id='word_1_133' title='bbox 159 2178 304 2239; x_wconf 80' lang='lat' dir='ltr'>personas</span> <span class='ocrx_word' id='word_1_134' title='bbox 323 2159 544 2225; x_wconf 81' lang='lat' dir='ltr'>ecclesiasticas</span> <span class='ocrx_word' id='word_1_135' title='bbox 563 2162 717 2244; x_wconf 85' lang='lat' dir='ltr'>pertinent.</span> <span class='ocrx_word' id='word_1_136' title='bbox 762 2163 806 2222; x_wconf 83' lang='lat' dir='ltr'>Ab</span> <span class='ocrx_word' id='word_1_137' title='bbox 832 2162 877 2222; x_wconf 91' lang='lat' dir='ltr'>his</span> <span class='ocrx_word' id='word_1_138' title='bbox 903 2160 979 2221; x_wconf 91' lang='lat' dir='ltr'>onim</span> <span class='ocrx_word' id='word_1_139' title='bbox 1005 2158 1113 2241; x_wconf 89' lang='lat' dir='ltr'>pariter</span> <span class='ocrx_word' id='word_1_140' title='bbox 1132 2159 1294 2239; x_wconf 78' lang='lat' dir='ltr'>postulatos</span> 
     </span>
     <span class='ocr_line' id='line_1_24' title="bbox 76 2237 1294 2330; baseline 0.002 -26"><span class='ocrx_word' id='word_1_141' title='bbox 76 2244 171 2307; x_wconf 89' lang='lat' dir='ltr'>luisse</span> <span class='ocrx_word' id='word_1_142' title='bbox 188 2238 281 2309; x_wconf 83' lang='lat' dir='ltr'>libros</span> <span class='ocrx_word' id='word_1_143' title='bbox 301 2266 405 2311; x_wconf 87' lang='lat' dir='ltr'>sacros</span> <span class='ocrx_word' id='word_1_144' title='bbox 423 2248 539 2330; x_wconf 86' lang='lat' dir='ltr'>aliaque</span> <span class='ocrx_word' id='word_1_145' title='bbox 555 2250 701 2313; x_wconf 87' lang='lat' dir='ltr'>ecclesiae</span> <span class='ocrx_word' id='word_1_146' title='bbox 719 2237 873 2328; x_wconf 71' lang='grc' dir='ltr'>κειμήλια,</span> <span class='ocrx_word' id='word_1_147' title='bbox 894 2246 977 2309; x_wconf 85' lang='lat' dir='ltr'>tidem</span> <span class='ocrx_word' id='word_1_148' title='bbox 999 2245 1083 2308; x_wconf 88' lang='lat' dir='ltr'>nohis</span> <span class='ocrx_word' id='word_1_149' title='bbox 1101 2246 1212 2308; x_wconf 85' lang='lat' dir='ltr'>iaciunt</span> <span class='ocrx_word' id='word_1_150' title='bbox 1228 2268 1294 2308; x_wconf 88' lang='lat' dir='ltr'>eer-</span> 
     </span>
     <span class='ocr_line' id='line_1_25' title="bbox 78 2331 1293 2419; baseline 0 -25"><span class='ocrx_word' id='word_1_151' title='bbox 78 2331 219 2396; x_wconf 87' lang='lat' dir='ltr'>tissimam</span> <span class='ocrx_word' id='word_1_152' title='bbox 251 2345 317 2398; x_wconf 87' lang='lat' dir='ltr'>acta</span> <span class='ocrx_word' id='word_1_153' title='bbox 341 2347 496 2419; x_wconf 78' lang='lat' dir='ltr'>martyram</span> <span class='ocrx_word' id='word_1_154' title='bbox 522 2347 550 2400; x_wconf 87' lang='lat' dir='ltr'>et</span> <span class='ocrx_word' id='word_1_155' title='bbox 575 2348 662 2418; x_wconf 84' lang='lat' dir='ltr'>gesta</span> <span class='ocrx_word' id='word_1_156' title='bbox 686 2335 920 2419; x_wconf 77' lang='lat' dir='ltr'>proconsularia.</span> <span class='ocrx_word' id='word_1_157' title='bbox 964 2335 1165 2396; x_wconf 89' lang='lat' dir='ltr'>Producemus</span> <span class='ocrx_word' id='word_1_158' title='bbox 1190 2333 1238 2396; x_wconf 93' lang='lat' dir='ltr'>hic</span> <span class='ocrx_word' id='word_1_159' title='bbox 1263 2333 1293 2394; x_wconf 90' lang='lat' dir='ltr'>in</span> 
     </span>
     <span class='ocr_line' id='line_1_26' title="bbox 76 2421 1293 2508; baseline 0.004 -28"><span class='ocrx_word' id='word_1_160' title='bbox 76 2421 202 2484; x_wconf 89' lang='lat' dir='ltr'>medium</span> <span class='ocrx_word' id='word_1_161' title='bbox 222 2422 315 2502; x_wconf 91' lang='lat' dir='ltr'>primo</span> <span class='ocrx_word' id='word_1_162' title='bbox 335 2423 400 2485; x_wconf 93' lang='lat' dir='ltr'>loco</span> <span class='ocrx_word' id='word_1_163' title='bbox 424 2422 567 2505; x_wconf 88' lang='lat' dir='ltr'>lectores,</span> <span class='ocrx_word' id='word_1_164' title='bbox 592 2426 699 2508; x_wconf 87' lang='lat' dir='ltr'>quippe</span> <span class='ocrx_word' id='word_1_165' title='bbox 724 2445 847 2506; x_wconf 87' lang='lat' dir='ltr'>quorum</span> <span class='ocrx_word' id='word_1_166' title='bbox 868 2421 997 2484; x_wconf 82' lang='lat' dir='ltr'>officium</span> <span class='ocrx_word' id='word_1_167' title='bbox 1016 2422 1089 2496; x_wconf 86' lang='lat' dir='ltr'>luit,</span> <span class='ocrx_word' id='word_1_168' title='bbox 1114 2444 1172 2483; x_wconf 92' lang='lat' dir='ltr'>non</span> <span class='ocrx_word' id='word_1_169' title='bbox 1190 2421 1293 2503; x_wconf 76' lang='lat' dir='ltr'>legere</span> 
     </span>
     <span class='ocr_line' id='line_1_27' title="bbox 76 2510 1308 2595; baseline 0 -24"><span class='ocrx_word' id='word_1_170' title='bbox 76 2519 186 2572; x_wconf 87' lang='lat' dir='ltr'>tantum</span> <span class='ocrx_word' id='word_1_171' title='bbox 210 2510 309 2574; x_wconf 81' lang='lat' dir='ltr'>corum</span> <span class='ocrx_word' id='word_1_172' title='bbox 333 2511 440 2593; x_wconf 89' lang='lat' dir='ltr'>populo</span> <span class='ocrx_word' id='word_1_173' title='bbox 468 2513 647 2595; x_wconf 83' lang='lat' dir='ltr'>scripturos,</span> <span class='ocrx_word' id='word_1_174' title='bbox 675 2515 726 2576; x_wconf 87' lang='lat' dir='ltr'>sed</span> <span class='ocrx_word' id='word_1_175' title='bbox 755 2515 872 2575; x_wconf 89' lang='lat' dir='ltr'>easdem</span> <span class='ocrx_word' id='word_1_176' title='bbox 897 2532 1012 2594; x_wconf 87' lang='lat' dir='ltr'>quoqne</span> <span class='ocrx_word' id='word_1_177' title='bbox 1035 2512 1203 2573; x_wconf 81' lang='lat' dir='ltr'>adservare.</span> <span class='ocrx_word' id='word_1_178' title='bbox 1249 2510 1308 2573; x_wconf 77' lang='lat' dir='ltr'>hd</span> 
     </span>
     <span class='ocr_line' id='line_1_28' title="bbox 75 2598 1294 2681; baseline 0.002 -23"><span class='ocrx_word' id='word_1_179' title='bbox 75 2598 156 2676; x_wconf 87' lang='lat' dir='ltr'>prins</span> <span class='ocrx_word' id='word_1_180' title='bbox 176 2602 252 2680; x_wconf 75' lang='lat' dir='ltr'>quod</span> <span class='ocrx_word' id='word_1_181' title='bbox 272 2601 398 2678; x_wconf 87' lang='lat' dir='ltr'>adtinet,</span> <span class='ocrx_word' id='word_1_182' title='bbox 416 2621 500 2664; x_wconf 89' lang='lat' dir='ltr'>acmo</span> <span class='ocrx_word' id='word_1_183' title='bbox 517 2602 595 2663; x_wconf 88' lang='lat' dir='ltr'>istud</span> <span class='ocrx_word' id='word_1_184' title='bbox 612 2602 642 2662; x_wconf 91' lang='lat' dir='ltr'>in</span> <span class='ocrx_word' id='word_1_185' title='bbox 661 2602 779 2664; x_wconf 87' lang='lat' dir='ltr'>dubium</span> <span class='ocrx_word' id='word_1_186' title='bbox 797 2601 922 2678; x_wconf 79' lang='lat' dir='ltr'>vocabit,</span> <span class='ocrx_word' id='word_1_187' title='bbox 948 2598 998 2680; x_wconf 89' lang='lat' dir='ltr'>qui</span> <span class='ocrx_word' id='word_1_188' title='bbox 1015 2598 1125 2660; x_wconf 87' lang='lat' dir='ltr'>ordinis</span> <span class='ocrx_word' id='word_1_189' title='bbox 1141 2600 1228 2681; x_wconf 87' lang='lat' dir='ltr'>hujus</span> <span class='ocrx_word' id='word_1_190' title='bbox 1246 2599 1294 2660; x_wconf 89' lang='lat' dir='ltr'>in-</span> 
     </span>
     <span class='ocr_line' id='line_1_29' title="bbox 75 2686 1292 2770; baseline 0.001 -24"><span class='ocrx_word' id='word_1_191' title='bbox 75 2686 254 2747; x_wconf 87' lang='lat' dir='ltr'>stitutionem</span> <span class='ocrx_word' id='word_1_192' title='bbox 284 2689 430 2770; x_wconf 81' lang='lat' dir='ltr'>hujusqoe</span> <span class='ocrx_word' id='word_1_193' title='bbox 464 2690 603 2751; x_wconf 88' lang='lat' dir='ltr'>rationem</span> <span class='ocrx_word' id='word_1_194' title='bbox 629 2688 757 2769; x_wconf 88' lang='lat' dir='ltr'>penitius</span> <span class='ocrx_word' id='word_1_195' title='bbox 780 2688 927 2768; x_wconf 80' lang='lat' dir='ltr'>cognitam</span> <span class='ocrx_word' id='word_1_196' title='bbox 956 2687 1061 2763; x_wconf 73' lang='lat' dir='ltr'>hehet,</span> <span class='ocrx_word' id='word_1_197' title='bbox 1092 2693 1191 2767; x_wconf 89' lang='lat' dir='ltr'>utpote</span> <span class='ocrx_word' id='word_1_198' title='bbox 1217 2706 1292 2767; x_wconf 83' lang='lat' dir='ltr'>quos</span> 
     </span>
     <span class='ocr_line' id='line_1_30' title="bbox 75 2773 1293 2840; baseline 0.001 -7"><span class='ocrx_word' id='word_1_199' title='bbox 75 2777 199 2836; x_wconf 89' lang='lat' dir='ltr'>eundem</span> <span class='ocrx_word' id='word_1_200' title='bbox 217 2773 247 2834; x_wconf 91' lang='lat' dir='ltr'>ia</span> <span class='ocrx_word' id='word_1_201' title='bbox 265 2773 352 2836; x_wconf 89' lang='lat' dir='ltr'>linem</span> <span class='ocrx_word' id='word_1_202' title='bbox 370 2797 431 2840; x_wconf 87' lang='lat' dir='ltr'>sec.</span> <span class='ocrx_word' id='word_1_203' title='bbox 450 2777 498 2837; x_wconf 93' lang='lat' dir='ltr'>lll.</span> <span class='ocrx_word' id='word_1_204' title='bbox 521 2776 550 2836; x_wconf 90' lang='lat' dir='ltr'>in</span> <span class='ocrx_word' id='word_1_205' title='bbox 569 2777 696 2838; x_wconf 83' lang='lat' dir='ltr'>ecclesia</span> <span class='ocrx_word' id='word_1_206' title='bbox 713 2776 887 2838; x_wconf 89' lang='lat' dir='ltr'>constitutos</span> <span class='ocrx_word' id='word_1_207' title='bbox 904 2774 1000 2837; x_wconf 87' lang='lat' dir='ltr'>fuisse</span> <span class='ocrx_word' id='word_1_208' title='bbox 1018 2785 1144 2836; x_wconf 89' lang='lat' dir='ltr'>constat.</span> <span class='ocrx_word' id='word_1_209' title='bbox 1188 2773 1293 2835; x_wconf 89' lang='lat' dir='ltr'>Poste-</span> 
     </span>
     <span class='ocr_line' id='line_1_31' title="bbox 73 2859 1293 2944; baseline 0.002 -24"><span class='ocrx_word' id='word_1_210' title='bbox 73 2860 134 2924; x_wconf 89' lang='lat' dir='ltr'>rius</span> <span class='ocrx_word' id='word_1_211' title='bbox 160 2871 259 2923; x_wconf 85' lang='lat' dir='ltr'>uutem</span> <span class='ocrx_word' id='word_1_212' title='bbox 283 2868 487 2944; x_wconf 86' lang='lat' dir='ltr'>comprobant,</span> <span class='ocrx_word' id='word_1_213' title='bbox 511 2864 539 2925; x_wconf 92' lang='lat' dir='ltr'>ni</span> <span class='ocrx_word' id='word_1_214' title='bbox 558 2863 662 2941; x_wconf 82' lang='lat' dir='ltr'>fallor,</span> <span class='ocrx_word' id='word_1_215' title='bbox 690 2864 870 2927; x_wconf 82' lang='lat' dir='ltr'>sufficienter</span> <span class='ocrx_word' id='word_1_216' title='bbox 895 2873 981 2942; x_wconf 78' lang='lat' dir='ltr'>gesto</span> <span class='ocrx_word' id='word_1_217' title='bbox 1002 2864 1078 2943; x_wconf 92' lang='lat' dir='ltr'>apud</span> <span class='ocrx_word' id='word_1_218' title='bbox 1097 2859 1293 2941; x_wconf 89' lang='lat' dir='ltr'>Zenophilnm</span> 
     </span>
     <span class='ocr_line' id='line_1_32' title="bbox 75 2948 1294 3032; baseline 0.002 -24"><span class='ocrx_word' id='word_1_219' title='bbox 75 2948 277 3026; x_wconf 75' lang='lat' dir='ltr'>consularem,</span> <span class='ocrx_word' id='word_1_220' title='bbox 296 2953 334 3012; x_wconf 85' lang='lat' dir='ltr'>od</span> <span class='ocrx_word' id='word_1_221' title='bbox 351 2955 453 3013; x_wconf 87' lang='lat' dir='ltr'>calcem</span> <span class='ocrx_word' id='word_1_222' title='bbox 470 2951 567 3032; x_wconf 85' lang='lat' dir='ltr'>Optati</span> <span class='ocrx_word' id='word_1_223' title='bbox 585 2960 656 3013; x_wconf 82' lang='lat' dir='ltr'>inter</span> <span class='ocrx_word' id='word_1_224' title='bbox 674 2962 851 3014; x_wconf 79' lang='lat' dir='ltr'>auocamento</span> <span class='ocrx_word' id='word_1_225' title='bbox 868 2961 960 3012; x_wconf 86' lang='lat' dir='ltr'>cetere</span> <span class='ocrx_word' id='word_1_226' title='bbox 978 2952 1015 3011; x_wconf 86' lang='lat' dir='ltr'>ed</span> <span class='ocrx_word' id='word_1_227' title='bbox 1036 2956 1178 3011; x_wconf 84' lang='lat' dir='ltr'>Donatist.</span> <span class='ocrx_word' id='word_1_228' title='bbox 1196 2952 1294 3011; x_wconf 83' lang='lat' dir='ltr'>histor.</span> 
     </span>
     <span class='ocr_line' id='line_1_33' title="bbox 73 3038 1292 3122; baseline 0.001 -25"><span class='ocrx_word' id='word_1_229' title='bbox 73 3044 241 3114; x_wconf 75' lang='lat' dir='ltr'>pertinentia</span> <span class='ocrx_word' id='word_1_230' title='bbox 266 3038 432 3119; x_wconf 87' lang='lat' dir='ltr'>aDupiuio</span> <span class='ocrx_word' id='word_1_231' title='bbox 455 3039 601 3114; x_wconf 85' lang='lat' dir='ltr'>exhibitu,</span> <span class='ocrx_word' id='word_1_232' title='bbox 625 3039 784 3119; x_wconf 89' lang='lat' dir='ltr'>itidemque</span> <span class='ocrx_word' id='word_1_233' title='bbox 809 3045 838 3100; x_wconf 84' lang='lat' dir='ltr'>tn</span> <span class='ocrx_word' id='word_1_234' title='bbox 864 3039 990 3122; x_wconf 81' lang='lat' dir='ltr'>Appead.</span> <span class='ocrx_word' id='word_1_235' title='bbox 1009 3048 1074 3099; x_wconf 86' lang='lat' dir='ltr'>tom.</span> <span class='ocrx_word' id='word_1_236' title='bbox 1093 3043 1151 3098; x_wconf 80' lang='grc' dir='ltr'>ΙΧ.</span> <span class='ocrx_word' id='word_1_237' title='bbox 1171 3042 1292 3116; x_wconf 86' lang='lat' dir='ltr'>Operam</span> 
     </span>
    </p>
   </div>
   <div class='ocr_carea' id='block_1_8' title="bbox 73 3123 1391 3205">
    <p class='ocr_par' dir='ltr' id='par_1_8' title="bbox 73 3123 1391 3205">
     <span class='ocr_line' id='line_1_34' title="bbox 73 3123 1391 3205; baseline 0.001 -22"><span class='ocrx_word' id='word_1_238' title='bbox 73 3124 236 3205; x_wconf 76' lang='lat' dir='ltr'>Augustini</span> <span class='ocrx_word' id='word_1_239' title='bbox 263 3145 413 3205; x_wconf 85' lang='lat' dir='ltr'>expressa.</span> <span class='ocrx_word' id='word_1_240' title='bbox 458 3128 542 3189; x_wconf 88' lang='lat' dir='ltr'>Haec</span> <span class='ocrx_word' id='word_1_241' title='bbox 566 3126 643 3188; x_wconf 86' lang='lat' dir='ltr'>enim</span> <span class='ocrx_word' id='word_1_242' title='bbox 669 3136 701 3187; x_wconf 91' lang='lat' dir='ltr'>ut</span> <span class='ocrx_word' id='word_1_243' title='bbox 726 3128 901 3201; x_wconf 89' lang='lat' dir='ltr'>ostendunt,</span> <span class='ocrx_word' id='word_1_244' title='bbox 932 3124 1105 3205; x_wconf 77' lang='lat' dir='ltr'>poposcisse</span> <span class='ocrx_word' id='word_1_245' title='bbox 1125 3123 1291 3185; x_wconf 86' lang='lat' dir='ltr'>Munatium</span> <span class='ocrx_word' id='word_1_246' title='bbox 1385 3129 1391 3144; x_wconf 86' lang='lat'>&#39;</span> 
     </span>
    </p>
   </div>
   <div class='ocr_carea' id='block_1_9' title="bbox 72 3209 1291 3731">
    <p class='ocr_par' dir='ltr' id='par_1_9' title="bbox 72 3209 1291 3731">
     <span class='ocr_line' id='line_1_35' title="bbox 72 3209 1290 3296; baseline 0.001 -25"><span class='ocrx_word' id='word_1_247' title='bbox 72 3209 224 3288; x_wconf 85' lang='lat' dir='ltr'>Felicem,</span> <span class='ocrx_word' id='word_1_248' title='bbox 249 3212 411 3291; x_wconf 88' lang='lat' dir='ltr'>flaminem,</span> <span class='ocrx_word' id='word_1_249' title='bbox 429 3225 599 3296; x_wconf 85' lang='lat' dir='ltr'>perpetuum</span> <span class='ocrx_word' id='word_1_250' title='bbox 618 3225 781 3277; x_wconf 86' lang='lat' dir='ltr'>curatorem</span> <span class='ocrx_word' id='word_1_251' title='bbox 798 3211 930 3274; x_wconf 86' lang='lat' dir='ltr'>coloniae</span> <span class='ocrx_word' id='word_1_252' title='bbox 949 3210 1143 3289; x_wconf 85' lang='lat' dir='ltr'>Cirtensium,</span> <span class='ocrx_word' id='word_1_253' title='bbox 1161 3231 1180 3272; x_wconf 84' lang='lat' dir='ltr'>n</span> <span class='ocrx_word' id='word_1_254' title='bbox 1196 3210 1290 3272; x_wconf 83' lang='lat' dir='ltr'>Purrlo</span> 
     </span>
     <span class='ocr_line' id='line_1_36' title="bbox 73 3297 1291 3384; baseline 0 -25"><span class='ocrx_word' id='word_1_255' title='bbox 73 3299 186 3378; x_wconf 81' lang='lat' dir='ltr'>episc,</span> <span class='ocrx_word' id='word_1_256' title='bbox 206 3310 238 3361; x_wconf 89' lang='lat' dir='ltr'>ut</span> <span class='ocrx_word' id='word_1_257' title='bbox 255 3299 417 3381; x_wconf 88' lang='lat' dir='ltr'>scripturas</span> <span class='ocrx_word' id='word_1_258' title='bbox 434 3302 512 3382; x_wconf 82' lang='lat' dir='ltr'>legis</span> <span class='ocrx_word' id='word_1_259' title='bbox 532 3314 560 3364; x_wconf 90' lang='lat' dir='ltr'>et</span> <span class='ocrx_word' id='word_1_260' title='bbox 577 3303 602 3364; x_wconf 87' lang='lat' dir='ltr'>oi</span> <span class='ocrx_word' id='word_1_261' title='bbox 621 3303 689 3384; x_wconf 85' lang='lat' dir='ltr'>quid</span> <span class='ocrx_word' id='word_1_262' title='bbox 707 3300 789 3363; x_wconf 87' lang='lat' dir='ltr'>aliud</span> <span class='ocrx_word' id='word_1_263' title='bbox 807 3303 943 3375; x_wconf 83' lang='lat' dir='ltr'>haberet,</span> <span class='ocrx_word' id='word_1_264' title='bbox 967 3297 1124 3381; x_wconf 73' lang='lat' dir='ltr'>proferret,</span> <span class='ocrx_word' id='word_1_265' title='bbox 1149 3298 1190 3360; x_wconf 84' lang='lat' dir='ltr'>ita</span> <span class='ocrx_word' id='word_1_266' title='bbox 1206 3298 1291 3360; x_wconf 87' lang='lat' dir='ltr'>Pauli</span> 
     </span>
     <span class='ocr_line' id='line_1_37' title="bbox 73 3389 1290 3469; baseline 0.001 -21"><span class='ocrx_word' id='word_1_267' title='bbox 73 3407 190 3468; x_wconf 83' lang='lat' dir='ltr'>queque</span> <span class='ocrx_word' id='word_1_268' title='bbox 215 3389 435 3467; x_wconf 84' lang='lat' dir='ltr'>responsionem</span> <span class='ocrx_word' id='word_1_269' title='bbox 459 3390 535 3452; x_wconf 80' lang='lat' dir='ltr'>herne</span> <span class='ocrx_word' id='word_1_270' title='bbox 554 3389 708 3452; x_wconf 84' lang='lat' dir='ltr'>exhibent:</span> <span class='ocrx_word' id='word_1_271' title='bbox 734 3396 897 3469; x_wconf 85' lang='lat' dir='ltr'>Scriptores</span> <span class='ocrx_word' id='word_1_272' title='bbox 914 3394 1043 3449; x_wconf 84' lang='lat' dir='ltr'>Lectores</span> <span class='ocrx_word' id='word_1_273' title='bbox 1062 3389 1177 3464; x_wconf 87' lang='lat' dir='ltr'>haheat,</span> <span class='ocrx_word' id='word_1_274' title='bbox 1203 3407 1290 3468; x_wconf 90' lang='lat' dir='ltr'>quam</span> 
     </span>
     <span class='ocr_line' id='line_1_38' title="bbox 72 3474 1291 3554; baseline 0.002 -21"><span class='ocrx_word' id='word_1_275' title='bbox 72 3474 213 3554; x_wconf 83' lang='lat' dir='ltr'>deinceps</span> <span class='ocrx_word' id='word_1_276' title='bbox 232 3474 320 3537; x_wconf 88' lang='lat' dir='ltr'>simili</span> <span class='ocrx_word' id='word_1_277' title='bbox 339 3476 468 3539; x_wconf 81' lang='lat' dir='ltr'>formula</span> <span class='ocrx_word' id='word_1_278' title='bbox 486 3477 695 3540; x_wconf 85' lang='lat' dir='ltr'>confirmarunt</span> <span class='ocrx_word' id='word_1_279' title='bbox 715 3475 872 3538; x_wconf 75' lang='lat' dir='ltr'>Catulinus</span> <span class='ocrx_word' id='word_1_280' title='bbox 897 3485 924 3538; x_wconf 92' lang='lat' dir='ltr'>et</span> <span class='ocrx_word' id='word_1_281' title='bbox 942 3474 1142 3551; x_wconf 85' lang='lat' dir='ltr'>Marcuclius,</span> <span class='ocrx_word' id='word_1_282' title='bbox 1166 3476 1291 3536; x_wconf 83' lang='lat' dir='ltr'>subdia-</span> 
     </span>
     <span class='ocr_line' id='line_1_39' title="bbox 72 3562 1291 3642; baseline 0.001 -21"><span class='ocrx_word' id='word_1_283' title='bbox 72 3563 137 3623; x_wconf 88' lang='lat' dir='ltr'>coni</span> <span class='ocrx_word' id='word_1_284' title='bbox 171 3562 227 3641; x_wconf 83' lang='lat' dir='ltr'>(nti</span> <span class='ocrx_word' id='word_1_285' title='bbox 256 3574 430 3642; x_wconf 80' lang='lat' dir='ltr'>vocantur),</span> <span class='ocrx_word' id='word_1_286' title='bbox 458 3564 609 3626; x_wconf 89' lang='lat' dir='ltr'>dicentes:</span> <span class='ocrx_word' id='word_1_287' title='bbox 642 3571 771 3626; x_wconf 81' lang='lat' dir='ltr'>Lectores</span> <span class='ocrx_word' id='word_1_288' title='bbox 801 3568 898 3626; x_wconf 86' lang='lat' dir='ltr'>hebent</span> <span class='ocrx_word' id='word_1_289' title='bbox 921 3565 1035 3624; x_wconf 80' lang='lat' dir='ltr'>codices.</span> <span class='ocrx_word' id='word_1_290' title='bbox 1080 3564 1222 3622; x_wconf 80' lang='lat' dir='ltr'>Addeada</span> <span class='ocrx_word' id='word_1_291' title='bbox 1245 3562 1291 3623; x_wconf 88' lang='lat' dir='ltr'>his</span> 
     </span>
     <span class='ocr_line' id='line_1_40' title="bbox 73 3648 1291 3731; baseline -0.002 -20"><span class='ocrx_word' id='word_1_292' title='bbox 73 3671 190 3731; x_wconf 80' lang='lat' dir='ltr'>quoque</span> <span class='ocrx_word' id='word_1_293' title='bbox 213 3650 314 3729; x_wconf 89' lang='lat' dir='ltr'>passio</span> <span class='ocrx_word' id='word_1_294' title='bbox 333 3650 489 3729; x_wconf 82' lang='lat' dir='ltr'>¹Theoduli</span> <span class='ocrx_word' id='word_1_295' title='bbox 511 3651 809 3725; x_wconf 76' lang='lat' dir='ltr'>Thessalonicensis,</span> <span class='ocrx_word' id='word_1_296' title='bbox 833 3649 968 3731; x_wconf 88' lang='lat' dir='ltr'>juvenis,</span> <span class='ocrx_word' id='word_1_297' title='bbox 997 3648 1096 3730; x_wconf 89' lang='lat' dir='ltr'>(cujus</span> <span class='ocrx_word' id='word_1_298' title='bbox 1123 3669 1214 3728; x_wconf 87' lang='lat' dir='ltr'>soprn</span> <span class='ocrx_word' id='word_1_299' title='bbox 1231 3649 1291 3728; x_wconf 87' lang='lat' dir='ltr'>jam</span> 
     </span>
    </p>
   </div>
   <div class='ocr_carea' id='block_1_10' title="bbox 70 3724 1405 3824">
    <p class='ocr_par' dir='ltr' id='par_1_10' title="bbox 70 3724 1405 3824">
     <span class='ocr_line' id='line_1_41' title="bbox 70 3724 1405 3824; baseline 0.004 -30"><span class='ocrx_word' id='word_1_300' title='bbox 70 3734 197 3800; x_wconf 87' lang='lat' dir='ltr'>lecimus</span> <span class='ocrx_word' id='word_1_301' title='bbox 215 3739 404 3813; x_wconf 85' lang='lat' dir='ltr'>mentionem)</span> <span class='ocrx_word' id='word_1_302' title='bbox 422 3761 506 3820; x_wconf 89' lang='lat' dir='ltr'>qoem</span> <span class='ocrx_word' id='word_1_303' title='bbox 523 3739 621 3801; x_wconf 88' lang='lat' dir='ltr'>itidem</span> <span class='ocrx_word' id='word_1_304' title='bbox 638 3740 792 3800; x_wconf 89' lang='lat' dir='ltr'>Lectorem</span> <span class='ocrx_word' id='word_1_305' title='bbox 810 3737 904 3798; x_wconf 82' lang='lat' dir='ltr'>foisse</span> <span class='ocrx_word' id='word_1_306' title='bbox 925 3736 1052 3797; x_wconf 90' lang='lat' dir='ltr'>ostendit</span> <span class='ocrx_word' id='word_1_307' title='bbox 1067 3724 1291 3799; x_wconf 77' lang='lat' dir='ltr'>Francltlaria</span> <span class='ocrx_word' id='word_1_308' title='bbox 1401 3809 1405 3824; x_wconf 62' lang='lat'>,</span> 
     </span>
    </p>
   </div>
   <div class='ocr_carea' id='block_1_11' title="bbox 71 3821 1394 4523">
    <p class='ocr_par' dir='ltr' id='par_1_11' title="bbox 71 3821 1394 4523">
     <span class='ocr_line' id='line_1_42' title="bbox 71 3821 1290 3906; baseline 0.003 -24"><span class='ocrx_word' id='word_1_309' title='bbox 71 3821 276 3887; x_wconf 81' lang='lat' dir='ltr'>Florentinios</span> <span class='ocrx_word' id='word_1_310' title='bbox 295 3826 325 3886; x_wconf 91' lang='lat' dir='ltr'>in</span> <span class='ocrx_word' id='word_1_311' title='bbox 345 3836 418 3888; x_wconf 86' lang='lat' dir='ltr'>notis</span> <span class='ocrx_word' id='word_1_312' title='bbox 441 3831 478 3888; x_wconf 88' lang='lat' dir='ltr'>od</span> <span class='ocrx_word' id='word_1_313' title='bbox 495 3830 730 3906; x_wconf 76' lang='lat' dir='ltr'>Martyrolopinm</span> <span class='ocrx_word' id='word_1_314' title='bbox 748 3831 993 3901; x_wconf 71' lang='lat' dir='ltr'>hieronymianum</span> <span class='ocrx_word' id='word_1_315' title='bbox 1012 3847 1040 3905; x_wconf 89' lang='lat' dir='ltr'>p.</span> <span class='ocrx_word' id='word_1_316' title='bbox 1058 3825 1132 3886; x_wconf 73' lang='lat' dir='ltr'>tto.</span> <span class='ocrx_word' id='word_1_317' title='bbox 1178 3823 1290 3887; x_wconf 85' lang='lat' dir='ltr'>Conle-</span> 
     </span>
     <span class='ocr_line' id='line_1_43' title="bbox 73 3912 1288 3994; baseline 0.003 -24"><span class='ocrx_word' id='word_1_318' title='bbox 73 3915 162 3974; x_wconf 86' lang='lat' dir='ltr'>renda</span> <span class='ocrx_word' id='word_1_319' title='bbox 183 3921 211 3975; x_wconf 91' lang='lat' dir='ltr'>et</span> <span class='ocrx_word' id='word_1_320' title='bbox 231 3912 328 3993; x_wconf 83' lang='lat' dir='ltr'>passio</span> <span class='ocrx_word' id='word_1_321' title='bbox 353 3914 386 3980; x_wconf 84' lang='lat' dir='ltr'>S.</span> <span class='ocrx_word' id='word_1_322' title='bbox 403 3913 546 3975; x_wconf 90' lang='lat' dir='ltr'>Pollionis</span> <span class='ocrx_word' id='word_1_323' title='bbox 570 3920 640 3994; x_wconf 86' lang='lat' dir='ltr'>(ap.</span> <span class='ocrx_word' id='word_1_324' title='bbox 659 3914 835 3976; x_wconf 88' lang='lat' dir='ltr'>Ruinartom</span> <span class='ocrx_word' id='word_1_325' title='bbox 858 3935 886 3994; x_wconf 90' lang='lat' dir='ltr'>p.</span> <span class='ocrx_word' id='word_1_326' title='bbox 905 3912 992 3990; x_wconf 82' lang='lat'>404.)</span> <span class='ocrx_word' id='word_1_327' title='bbox 1018 3912 1066 3994; x_wconf 90' lang='lat' dir='ltr'>qui</span> <span class='ocrx_word' id='word_1_328' title='bbox 1092 3912 1288 3992; x_wconf 88' lang='lat' dir='ltr'>primicerium</span> 
     </span>
     <span class='ocr_line' id='line_1_44' title="bbox 72 3998 1289 4084; baseline 0.001 -25"><span class='ocrx_word' id='word_1_329' title='bbox 72 4018 102 4060; x_wconf 90' lang='lat' dir='ltr'>se</span> <span class='ocrx_word' id='word_1_330' title='bbox 117 4016 205 4063; x_wconf 79' lang='lat' dir='ltr'>uocat</span> <span class='ocrx_word' id='word_1_331' title='bbox 221 4000 372 4078; x_wconf 89' lang='lat' dir='ltr'>lectorum,</span> <span class='ocrx_word' id='word_1_332' title='bbox 389 4001 437 4082; x_wconf 86' lang='lat' dir='ltr'>qni</span> <span class='ocrx_word' id='word_1_333' title='bbox 456 4002 649 4084; x_wconf 82' lang='lat' dir='ltr'>eloquentiam</span> <span class='ocrx_word' id='word_1_334' title='bbox 668 4002 793 4064; x_wconf 87' lang='lat' dir='ltr'>divinam</span> <span class='ocrx_word' id='word_1_335' title='bbox 811 3999 928 4082; x_wconf 90' lang='lat' dir='ltr'>populis</span> <span class='ocrx_word' id='word_1_336' title='bbox 944 3998 1047 4080; x_wconf 80' lang='lat' dir='ltr'>legere</span> <span class='ocrx_word' id='word_1_337' title='bbox 1064 4008 1289 4062; x_wconf 82' lang='lat' dir='ltr'>consueverunt.</span> 
     </span>
     <span class='ocr_line' id='line_1_45' title="bbox 72 4085 1289 4171; baseline -0.002 -22"><span class='ocrx_word' id='word_1_338' title='bbox 72 4085 125 4150; x_wconf 81' lang='lat' dir='ltr'>Vix</span> <span class='ocrx_word' id='word_1_339' title='bbox 144 4110 218 4170; x_wconf 76' lang='lat' dir='ltr'>ergo</span> <span class='ocrx_word' id='word_1_340' title='bbox 237 4089 357 4150; x_wconf 77' lang='lat' dir='ltr'>dubium</span> <span class='ocrx_word' id='word_1_341' title='bbox 377 4101 435 4165; x_wconf 93' lang='lat' dir='ltr'>est,</span> <span class='ocrx_word' id='word_1_342' title='bbox 461 4092 530 4171; x_wconf 85' lang='lat' dir='ltr'>quin</span> <span class='ocrx_word' id='word_1_343' title='bbox 548 4090 687 4170; x_wconf 88' lang='lat' dir='ltr'>specialis</span> <span class='ocrx_word' id='word_1_344' title='bbox 706 4090 866 4153; x_wconf 84' lang='lat' dir='ltr'>lectoribus</span> <span class='ocrx_word' id='word_1_345' title='bbox 885 4088 1017 4152; x_wconf 87' lang='lat' dir='ltr'>codicum</span> <span class='ocrx_word' id='word_1_346' title='bbox 1040 4088 1130 4150; x_wconf 87' lang='lat' dir='ltr'>luerit</span> <span class='ocrx_word' id='word_1_347' title='bbox 1147 4109 1217 4149; x_wconf 87' lang='lat' dir='ltr'>eura</span> <span class='ocrx_word' id='word_1_348' title='bbox 1235 4089 1289 4148; x_wconf 90' lang='lat' dir='ltr'>de-</span> 
     </span>
     <span class='ocr_line' id='line_1_46' title="bbox 72 4176 1289 4258; baseline 0.004 -24"><span class='ocrx_word' id='word_1_349' title='bbox 72 4179 208 4238; x_wconf 86' lang='lat' dir='ltr'>mandata</span> <span class='ocrx_word' id='word_1_350' title='bbox 234 4176 335 4257; x_wconf 87' lang='lat' dir='ltr'>illique</span> <span class='ocrx_word' id='word_1_351' title='bbox 352 4177 439 4258; x_wconf 83' lang='lat' dir='ltr'>quasi</span> <span class='ocrx_word' id='word_1_352' title='bbox 459 4176 674 4240; x_wconf 77' lang='lat' dir='ltr'>bibliothecarii</span> <span class='ocrx_word' id='word_1_353' title='bbox 692 4179 770 4241; x_wconf 89' lang='lat' dir='ltr'>sacri</span> <span class='ocrx_word' id='word_1_354' title='bbox 789 4176 879 4239; x_wconf 81' lang='lat' dir='ltr'>hahiti</span> <span class='ocrx_word' id='word_1_355' title='bbox 897 4176 973 4255; x_wconf 90' lang='lat' dir='ltr'>sint,</span> <span class='ocrx_word' id='word_1_356' title='bbox 1001 4198 1074 4258; x_wconf 87' lang='lat' dir='ltr'>quos</span> <span class='ocrx_word' id='word_1_357' title='bbox 1092 4187 1186 4237; x_wconf 86' lang='lat' dir='ltr'>tamen</span> <span class='ocrx_word' id='word_1_358' title='bbox 1203 4195 1289 4255; x_wconf 90' lang='lat' dir='ltr'>pres-</span> 
     </span>
     <span class='ocr_line' id='line_1_47' title="bbox 73 4260 1289 4347; baseline 0.005 -27"><span class='ocrx_word' id='word_1_359' title='bbox 73 4260 188 4340; x_wconf 79' lang='lat' dir='ltr'>byteros</span> <span class='ocrx_word' id='word_1_360' title='bbox 206 4264 236 4324; x_wconf 85' lang='lat' dir='ltr'>in</span> <span class='ocrx_word' id='word_1_361' title='bbox 255 4265 310 4326; x_wconf 89' lang='lat' dir='ltr'>hae</span> <span class='ocrx_word' id='word_1_362' title='bbox 327 4275 409 4345; x_wconf 88' lang='lat' dir='ltr'>parte</span> <span class='ocrx_word' id='word_1_363' title='bbox 428 4266 606 4346; x_wconf 89' lang='lat' dir='ltr'>superiores,</span> <span class='ocrx_word' id='word_1_364' title='bbox 627 4277 655 4327; x_wconf 91' lang='lat' dir='ltr'>et</span> <span class='ocrx_word' id='word_1_365' title='bbox 672 4267 756 4346; x_wconf 87' lang='lat' dir='ltr'>qnasi</span> <span class='ocrx_word' id='word_1_366' title='bbox 775 4265 958 4347; x_wconf 87' lang='lat' dir='ltr'>inspectores</span> <span class='ocrx_word' id='word_1_367' title='bbox 975 4286 1046 4327; x_wconf 90' lang='lat' dir='ltr'>snos</span> <span class='ocrx_word' id='word_1_368' title='bbox 1063 4262 1205 4324; x_wconf 84' lang='lat' dir='ltr'>habuisse</span> <span class='ocrx_word' id='word_1_369' title='bbox 1221 4284 1289 4327; x_wconf 89' lang='lat' dir='ltr'>cre·</span> 
     </span>
     <span class='ocr_line' id='line_1_48' title="bbox 73 4349 1288 4433; baseline 0.005 -25"><span class='ocrx_word' id='word_1_370' title='bbox 73 4349 179 4413; x_wconf 89' lang='lat' dir='ltr'>dimus.</span> <span class='ocrx_word' id='word_1_371' title='bbox 223 4350 327 4414; x_wconf 83' lang='lat' dir='ltr'>Facile</span> <span class='ocrx_word' id='word_1_372' title='bbox 359 4363 514 4433; x_wconf 88' lang='lat' dir='ltr'>propterea</span> <span class='ocrx_word' id='word_1_373' title='bbox 539 4352 596 4414; x_wconf 83' lang='lat' dir='ltr'>fuit</span> <span class='ocrx_word' id='word_1_374' title='bbox 627 4352 802 4432; x_wconf 86' lang='lat' dir='ltr'>lectoribus,</span> <span class='ocrx_word' id='word_1_375' title='bbox 835 4352 1069 4416; x_wconf 81' lang='lat' dir='ltr'>tradere&#39;lilrros</span> <span class='ocrx_word' id='word_1_376' title='bbox 1096 4370 1198 4414; x_wconf 86' lang='lat' dir='ltr'>sacros</span> <span class='ocrx_word' id='word_1_377' title='bbox 1229 4351 1288 4414; x_wconf 89' lang='lat' dir='ltr'>sihi</span> 
     </span>
     <span class='ocr_line' id='line_1_49' title="bbox 73 4436 1394 4523; baseline 0.001 -26"><span class='ocrx_word' id='word_1_378' title='bbox 73 4439 269 4504; x_wconf 86' lang='lat' dir='ltr'>concreditos:</span> <span class='ocrx_word' id='word_1_379' title='bbox 289 4446 378 4520; x_wconf 83' lang='lat' dir='ltr'>atque</span> <span class='ocrx_word' id='word_1_380' title='bbox 395 4441 450 4501; x_wconf 89' lang='lat' dir='ltr'>hoc</span> <span class='ocrx_word' id='word_1_381' title='bbox 466 4439 561 4521; x_wconf 89' lang='lat' dir='ltr'>ipsum</span> <span class='ocrx_word' id='word_1_382' title='bbox 577 4461 693 4523; x_wconf 89' lang='lat' dir='ltr'>qnoque</span> <span class='ocrx_word' id='word_1_383' title='bbox 709 4439 828 4504; x_wconf 89' lang='lat' dir='ltr'>illorum</span> <span class='ocrx_word' id='word_1_384' title='bbox 843 4438 1002 4503; x_wconf 87' lang='lat' dir='ltr'>nonnullos</span> <span class='ocrx_word' id='word_1_385' title='bbox 1017 4436 1137 4519; x_wconf 85' lang='lat' dir='ltr'>fecisse,</span> <span class='ocrx_word' id='word_1_386' title='bbox 1155 4440 1289 4522; x_wconf 85' lang='lat' dir='ltr'>exemplu</span> <span class='ocrx_word' id='word_1_387' title='bbox 1390 4487 1394 4498; x_wconf 77' lang='lat'>.</span> 
     </span>
    </p>
   </div>
   <div class='ocr_carea' id='block_1_12' title="bbox 0 0 1538 5075">
    <p class='ocr_par' dir='ltr' id='par_1_12' title="bbox 0 0 1538 5075">
     <span class='ocr_line' id='line_1_50' title="bbox 0 0 1538 5075; baseline 0 4"><span class='ocrx_word' id='word_1_388' title='bbox 0 0 1538 5075; x_wconf 95' lang='lat' dir='ltr'> </span> 
     </span>
    </p>
   </div>
  </div>
 </body>
</html>
