3067 5075
192 328 197 339 Ι
276 191 283 316 ’,
317 239 354 301 de
368 236 464 303 sacris
477 236 608 321 publicis
623 240 661 314 ub
677 235 786 304 eccles,
801 245 860 308 ιιι.
877 237 1008 306 undose
1024 238 1123 306 cultis.
1174 291 1177 298 .
1286 242 1327 310 u

110 409 265 480 bemfleiis
286 409 430 493 priuatum
455 431 537 490 esse,
559 420 595 473 ιιι
615 410 671 476 sibi
689 400 775 493 qnam
792 412 1095 494 primun-revenerint
1111 416 1149 476 ad
1172 413 1328 486 ecdesinur

111 508 249 583 potestus
262 502 485 570 concederetur.
519 500 622 579 Neque
638 499 791 562 interclusi
807 510 890 562 eraut
907 501 1011 566 reditu.
1047 503 1085 570 At
1100 501 1218 581 longam
1235 502 1329 565 ruole-

110 599 248 668 stamquc
264 606 357 666 ogere
375 588 520 648 debebant
535 587 751 666 poeniteutiam,
775 595 931 669 numquam
947 588 985 649 iis
1002 587 1125 667 primunr
1142 592 1179 653 ud
1195 586 1328 669 psalmo-

112 677 192 738 diam
209 684 237 738 et
260 674 411 747 literarum
435 694 460 735 s.
477 673 630 750 lectiones,
655 674 759 738 deinde
785 678 821 736 ad
845 695 954 737 coenae
978 683 1003 738 s.
1027 676 1166 755 mysteria
1188 679 1329 742 accedere

112 764 210 843 impure
228 758 414 824 celebrandis
430 762 466 822 ad
484 761 715 824 communionem
734 760 880 824 ecclesiae
897 761 992 824 redire
1007 761 1101 826 licuit.
1125 763 1256 840 Flentes,
1274 785 1329 826 cx-

114 848 204 931 positi
227 848 383 914 interdum.
398 846 575 927 tempestatis
599 847 715 910 iniuriis
739 851 839 929 (quam
862 852 899 912 ob
916 868 1036 912 causum
1051 852 1203 914 ιιιιιιιιιιιιιι
1219 850 1328 931 passim

114 935 300 1017 appellantur
315 934 346 1019 iu
363 934 526 996 canonibus
542 935 760 1017 conciliorum),
784 938 903 999 stabant
918 935 1067 1015 publicam
1083 946 1206 1015 ugentes
1223 937 1330 1018 poeui-

114 1022 234 1086 tentiam
252 1030 321 1084 ante
343 1020 422 1082 fores
448 1021 717 1086 conventiculorum
741 1034 792 1086 aut
816 1022 1021 1096 basilicarum,
1047 1033 1075 1084 ut
1098 1026 1258 1096 exorabant
1279 1023 1329 1092 in-

115 1117 266 1180 coeuntes
285 1117 313 1176 et
329 1116 480 1184 exeuntes,
497 1117 530 1169 nt
546 1107 604 1170 sibi
620 1109 733 1174 reniam
751 1113 871 1186 darent;
894 1111 985 1186 uultu,
1012 1109 1118 1172 uestitu
1135 1120 1163 1172 et
1179 1111 1329 1189 fugiendis
1415 1139 1419 1145 ·

48 1227 52 1236 ¹
114 1195 259 1275 cuiusque
275 1194 394 1276 generis
411 1194 632 1263 oblectamentis
650 1205 679 1258 ct
702 1197 900 1277 voluptatibus
916 1197 1046 1258 dolorem
1062 1197 1150 1258 animi
1168 1208 1196 1258 ct
1212 1212 1329 1260 moere-

115 1304 179 1346 rem
195 1282 315 1361 pcodcre
330 1271 495 1358 debebant,
519 1280 626 1344 data
607 1302 643 1344 us
654 1281 765 1344 deiude
782 1286 818 1346 ad
835 1304 920 1344 sacra
936 1284 1094 1345 accedendi
1112 1284 1215 1360 venia,
1241 1305 1329 1365 prepc

115 1366 366 1438 enteclruroeuos
357 1388 388 1426 m
406 1386 441 1428 ca
458 1366 601 1429 ecclesiae
619 1379 709 1448 parte,
725 1390 802 1448 qnae
816 1361 943 1450 ιάρθηξ
959 1369 1121 1445 dicebatur,
1139 1371 1225 1450 positi
1238 1383 1330 1448 eraut,

112 1467 144 1520 et
165 1465 335 1536 antequem
349 1463 509 1533 egeruntur
534 1453 641 1518 missac
658 1453 817 1532 solemnia,
843 1456 942 1534 egredi
968 1477 984 1518 e
1008 1454 1114 1535 templo
1139 1459 1329 1533 tenebuntur3

112 1541 265 1622 deniquc'
256 1562 287 1602 ιιι
304 1560 403 1619 genua
419 1540 540 1619 proiecti
559 1552 680 1619 peccata
697 1543 919 1641 condiebantur,
942 1552 970 1604 et
988 1551 1047 1604 tum
1063 1545 1178 1606 demum
1194 1542 1312 1606 licuit”
1292 1566 1330 1612 us
1420 1551 1422 1560 ⁴

111 1651 139 1693 s.
157 1648 251 1701 coena
266 1625 441 1692 celebranda
458 1625 606 1704 (μέθεξις
622 1626 683 1688 scir
700 1620 910 1710 ἁγιασμάιωι)
929 1632 965 1690 ad
983 1630 1129 1692 ecclcsiae
1148 1631 1330 1696 caerimonis

114 1737 181 1788 uem
208 1713 378 1788 cerenti*).'
414 1714 472 1790 Qui
496 1713 618 1792 grunius
641 1716 840 1795 deliquerant,
865 1737 917 1796 per
940 1719 1089 1778 decem«
1065 1737 1154 1795 saepe
1178 1725 1207 1779 ct
1229 1718 1330 1797 plures

113 1804 202 1870 etiam
220 1822 314 1864 annos
329 1800 537 1880 poerritentiam
553 1820 643 1879 ogere
661 1805 815 1867 debebant.
839 1803 877 1863 At
894 1823 952 1863 uon
969 1803 1094 1865 subituri
1111 1804 1239 1867 luissent
1253 1803 1330 1885 lapsi

54 1909 60 1918 ’
114 1891 269 1958 molestam
287 1886 428 1954 eiusmodi
446 1886 640 1967 disciplinam,
657 1889 715 1950 nisi
733 1890 829 1952 serris
847 1890 1010 1968 aegerrime
1028 1889 1201 1954 caruissent.
1230 1891 1330 1968 Quum

51 2045 53 2050 ¹
114 1980 194 2058 quod
212 1974 455 2046 excommunicati
472 1973 651 2054 poenitentia
668 1974 788 2056 publice
811 1978 926 2055 agenda
950 1976 1140 2057 prodiderunt
1161 1977 1330 2057 ad'suppli-

116 2064 265 2130 nationum
280 2071 318 2124 net
335 2060 529 2128 eucharistiae
547 2063 778 2128 cornruuniooenr
802 2062 936 2126 veniendi
960 2062 1153 2140 desiderium,
1176 2063 1208 2123 iu
1231 2084 1330 2126 eorum

15 2209 16 2214 ,
68 2148 87 2162 “’
117 2158 356 2230 argumentorum
374 2167 496 2214 numero
513 2148 581 2227 poni
600 2151 701 2226 debet,
728 2151 836 2230 quibus
854 2148 1012 2212 ecclesiam
1029 2158 1155 2214 veterem
1172 2169 1259 2218 sacra
1275 2171 1331 2231 pu·

113 2237 196 2312 ‚blica
212 2235 344 2298 studiose
362 2237 515 2304 admodum
534 2236 664 2297 coluisse
688 2240 817 2298 docetur.
853 2236 957 2315 Neque
981 2237 1038 2296 boc
1062 2246 1265 2315 argumentum
1290 2237 1332 2300 ite

115 2329 213 2405 potest
229 2320 328 2397 everti,
345 2329 377 2382 ut
395 2321 571 2400 poenitentia
585 2343 645 2383 uou
663 2333 719 2384 ιιιιιι
737 2326 774 2385 ob
789 2323 965 2386 desiderium
982 2343 1143 2400 sacrorum,
1161 2343 1247 2403 quaro
1264 2322 1331 2384 ideo
1430 2341 1437 2346 ·
1501 2403 1507 2418 '

99 2403 215 2493 'potius
231 2419 297 2470 acta
315 2428 381 2469 csse
398 2408 526 2485 dicatur,
549 2412 625 2489 quod
647 2410 731 2490 leges
749 2410 876 2474 civitatis
889 2411 1003 2472 iuribus
1019 2410 1109 2474 iuriis
1127 2419 1156 2471 et
1173 2410 1331 2474 commodis

116 2494 383 2563 excommunicatos
400 2494 582 2576 privassent,
600 2518 687 2578 quum
707 2497 774 2563 mibi
795 2501 830 2558 de
846 2518 880 2558 eo
897 2507 1007 2559 tautum
1024 2507 1151 2578 ternpore
1168 2517 1266 2559 sermo
1284 2499 1331 2571 sit

118 2606 177 2666 quo
194 2582 320 2645 ecclesis
337 2583 489 2645 nondum
482 2604 512 2643 ru
530 2603 616 2645 unum
633 2605 698 2645 curn
717 2585 832 2647 civitate
844 2585 995 2647 corilucret
1010 2585 1188 2680 societatem,
1206 2605 1240 2655 ac
1258 2583 1331 2647 nihil

114 2673 180 2737 lere
197 2691 287 2751 penes
304 2669 368 2739 eius
385 2668 536 2733 arbitrium
554 2662 616 2735 crat
632 2672 772 2751 praeter
763 2693 812 2734 rus
829 2682 857 2734 et
873 2682 1051 2753 potestatem,
1071 2659 1172 2737 ueniae
1192 2674 1230 2738 ad
1246 2690 1333 2737 sacra

15 2818 17 2823 ,
115 2755 277 2825 accedendi
293 2766 344 2821 aut
362 2759 567 2821 concedendae
583 2757 647 2819 suis
663 2769 715 2821 aut
731 2762 895 2839 negandae.

203 2845 288 2921 Quae
302 2842 395 2907 inerit
410 2853 538 2907 veterum
552 2844 807 2909 Christianorum
799 2868 828 2905 m
843 2845 938 2907 sacris
955 2844 1082 2924 publicis
1099 2845 1259 2909 condendis
1275 2865 1332 2909 au-

117 2931 282 3012 geudisque
298 2929 428 3007 solertia,
445 2930 475 2991 iu
490 2930 682 2999 observandis
694 2932 864 3006 assiduitas,
880 2933 910 2991 iu
923 2932 1056 2991 tenendis
1067 2933 1241 3009 constantin,
1259 2933 1332 2999 satis

116 3022 343 3087 demonstratum
361 3027 414 3085 ιιι.
448 3016 485 3088 rit
502 3015 563 3114 spui,
583 3035 658 3097 quoe
675 3024 760 3097 gesta
776 3014 846 3078 olim
866 3026 934 3079 sunt
952 3025 980 3077 et
996 3015 1138 3091 instituta,
1154 3027 1220 3118 apte
1238 3039 1331 3097 expo-

112 3126 186 3171 nere
210 3103 304 3195 eupit,
336 3123 395 3164 uon
417 3101 449 3162 in
476 3103 671 3181 congerendis
693 3107 784 3169 rebus
807 3104 964 3183 memoriae
988 3102 1110 3182 proditis
1133 3103 1332 3189 acquiescere,
1422 3118 1426 3123 ‘

113 3214 215 3267 verum
241 3209 347 3258 causas
373 3209 473 3251 earum
499 3189 655 3271 explorare
674 3194 770 3254 debet.
811 3191 914 3272 ltaque
938 3189 1111 3269 religionis,
1137 3212 1235 3271 quum
1247 3202 1331 3261 vetus

114 3259 244 3343 ccclesia
261 3276 355 3339 sacris
372 3274 500 3356 publicis
517 3279 649 3339 studiose
666 3276 754 3341 cultis
779 3277 999 3354 domonstravit,
1023 3296 1132 3338 causas
1160 3299 1331 3342 enutrieram

115 3386 242 3447 easque,
267 3384 325 3444 quo
341 3362 396 3423 rite
419 3372 519 3425 nostru
535 3367 674 3445 procedat
691 3366 865 3445 disputatio,
891 3368 928 3425 ad
951 3385 1048 3444 genus
1070 3364 1175 3444 triplex
1192 3386 1331 3428 revocare

67 3502 71 3509 ,
107 3454 222 3535 placet.
261 3451 337 3519 Num
362 3448 474 3530 positae
496 3451 710 3532 suutprimum
733 3451 888 3531 inpietate
912 3451 1331 3532 primorumeristianorum,

116 3560 241 3621 quacum
259 3556 349 3615 saepe
366 3535 522 3599 coniuncta
538 3537 591 3599 luit
609 3538 794 3623 superstiti03
814 3539 918 3600 deinde
933 3538 964 3597 iu
980 3539 1048 3616 ipsu
1064 3557 1213 3598 sacrorum
1230 3540 1331 3623 publi-

57 3702 61 3707 ,
116 3647 217 3688 corum
233 3632 339 3687 cuturn
349 3634 385 3685 et
400 3623 517 3701 indole,
541 3624 667 3706 denique
686 3626 716 3687 in
733 3625 860 3691 externis
884 3624 1028 3687 ccclesiae
1046 3623 1220 3689 rationibus
1258 3626 1332 3706 Age,
1405 3697 1409 3713 .

116 3715 270 3785 videamus
287 3713 323 3773 de
339 3710 501 3790 siugulis..
889 3750 893 3760 ·
1202 3759 1206 3767 .
1359 3731 1361 3733 ·

203 3799 302 3865 Multa
327 3806 409 3875 sunt,
435 3818 511 3879 quac
532 3806 662 3863 ueterum
687 3770 918 3863 Cbristiauorum
944 3798 1029 3878 relig'
1001 3819 1117 3865 crunem
1142 3807 1171 3860 ct
1195 3798 1331 3880 pictatem
1434 3821 1442 3836 ·

115 3894 270 3952 testentur.
303 3876 421 3948 Christo
436 3906 542 3949 nomeu
558 3886 653 3967 daturi
671 3907 790 3952 sacena
807 3888 940 3972 patribus
958 3896 1088 3969 accepta,
1113 3886 1218 3971 civium
1234 3888 1332 3950 socie·
1407 3960 1410 3965 ,

113 4046 338 4065 Μ

176 4141 304 4210 *llluac
329 4143 409 4195 fuerit
433 4159 503 4195 sucu.
524 4147 558 4198 3.
571 4124 729 4219 praecollectis
750 4147 903 4213 discipline,
930 4106 1039 4197 discitur
1058 4144 1152 4213 partim
1173 4163 1187 4197 c
1210 4145 1335 4206 erenaei

117 4214 315 4277 Tbaumuturgi
332 4213 456 4279 epistol,'
456 4228 548 4269 canon.
576 4232 599 4267 c.
608 4212 663 4268 ’.11
682 4216 726 4268 41.
754 4216 819 4283 Oprp
842 4216 873 4266 ed
891 4214 993 4279 Puris,
1020 4216 1114 4282 purtim
1134 4231 1148 4266 c
1170 4215 1332 4268 roronem

114 4283 146 4333 do
164 4283 275 4349 pudicit.
297 4298 320 4333 c
342 4281 383 4335 13
402 4280 445 4333 cf.
466 4284 570 4335 Morini
586 4233 808 4344 (loirrrireutarinsp
812 4285 843 4341 dc
864 4253 1001 4351 discipliu’u
1028 4283 1184 4339 ecclesiue'
1176 4297 1203 4332 ιιι
1224 4283 1332 4335 admini-

113 4336 624 4417 strutioneeucreuruntipoenitentioe.
660 4353 1061 4412 Rcurcl.1ili.etitallueur
1086 4353 1117 4405 dc
1135 4351 1226 4417 poeuis
1246 4359 1273 4404 ct
1290 4367 1332 4405 uo-

111 4417 688 4475 tisiactiouibusbnmuuis.Gco.1bt)9.4
