3067 5075
221 188 246 252 2
582 187 718 282 mm·
760 189 1075 257 tarsensium

222 356 331 422 foetori
352 353 395 440 (a.
410 358 486 421 Luc.
502 355 561 439 24,
578 363 630 427 53.
653 363 768 438 Διι.,ι
789 365 863 446 ιι..)
897 365 979 429 Fieri
1001 387 1059 428 non
1081 362 1189 445 potuit,
1212 362 1282 444 quin
1308 361 1455 445 apostoli

224 464 293 508 sese
309 444 340 507 iu
356 443 428 508 bis
418 445 494 528 ipsis
511 407 716 531 corlrentibus,
740 450 898 515 recolenda
918 475 1016 516 rerum
1036 452 1187 515 aChristo
1204 461 1360 531 gestarum
1382 473 1455 514 ιιι·

221 532 330 612 noma,
353 541 454 595 mutuo
473 534 710 614 consolarentur,
735 538 870 617 magistri
888 539 1029 603 voluntati
1053 542 1247 621 obsequentes
1271 558 1408 600 coena·
1426 561 1455 601 s.

224 618 424 696 celebrarent,
448 628 477 684 et
493 622 613 685 forsitan
630 644 665 685 eo
689 625 748 686 iam
765 635 892 707 tempore
908 627 1081 705 Dominum,
1108 626 1138 687 ιιι
1156 622 1255 687 ιιιιιι
1273 625 1453 703 sublatum,

223 706 339 769 dirinae
355 706 517 772 maiestatis
534 709 718 812 participem,
741 722 770 773 et
786 713 865 774 brevi
877 674 1084 794 ,augeloruai
1101 712 1197 774 choris
1215 711 1379 792 stipatum,
1412 716 1455 774 ad

223 792 384 860 solemnem
400 816 486 876 regna
477 795 672 858 Messiaui'
663 798 920 877 inaugurationem
936 820 1138 876 reversurum,
1157 799 1292 879 precibus
1309 820 1456 888 reuera·

221 890 334 945 rentur.
371 881 465 945 Panlo
482 893 547 980 post
565 892 723 945 sectatores
740 884 867 964 Christi,
890 886 991 947 remoti
1007 906 1025 947 a
1041 906 1214 966 synagogae
1231 881 1455 947 communione

222 965 310 1051 (fecti
324 961 593 1069 ἆιιοσυιαιώγοι),
611 969 643 1030 in
659 969 836 1050 peculiarem
854 934 1004 1034 iniverunt
1019 970 1204 1046 societatem,
1229 992 1368 1051 quaeque
1387 971 1455 1034 boc

221 1055 319 1114 modo
324 1052 418 1135 prima
434 1065 497 1115 orto
512 1064 557 1116 est
572 1055 699 1119 ecclesia
711 1055 987 1144 Hierosolymitana,
1002 1058 1112 1120 habere
1129 1057 1224 1138 coepit
1237 1077 1324 1118 sacra
1341 1079 1455 1138 pecu-

128 1205 133 1220 ,
221 1137 318 1220 liaris,
340 1139 652 1221 formataquidemod
668 1163 840 1224 synagogae
856 1137 1083 1220 similitudinem,
1106 1143 1331 1206 diversatamou
1347 1163 1372 1204 a
1392 1165 1470 1212 sar

222 1225 281 1288 cris
296 1188 483 1290 llrdaeorura.
518 1229 668 1310 Apostolis
685 1231 790 1292 dehinc
805 1233 843 1291 ad
860 1243 977 1294 exteros
994 1230 1144 1312 profectis,
1167 1230 1217 1290 uhi
1234 1240 1335 1292 coetus
1352 1232 1454 1293 chri·

221 1312 334 1391 stiaui,
354 1312 395 1374 ibi
418 1314 504 1377 etiam
530 1336 616 1379 sacra
641 1317 800 1379 christiana
821 1319 936 1379 condita
953 1328 1036 1392 suut,
1062 1319 1137 1396 quod
1162 1317 1262 1395 partim
1289 1337 1327 1376 ex
1343 1317 1455 1395 Actis,

188 1433 200 1452 ·
220 1400 327 1481 partim
343 1422 381 1463 ex
407 1398 539 1483 epistolis
556 1403 643 1465 Pauli
667 1412 695 1464 et
710 1401 891 1482 reliquorum
909 1403 1114 1481 apostulorum
1137 1401 1319 1481 intelligitur.
1358 1404 1454 1466 Naru

222 1487 342 1567 saepius
361 1488 545 1567 praecipiunt
559 1486 699 1567 apostoli,
723 1486 856 1568 inprimis
872 1486 1007 1567 Paulus,
1030 1491 1066 1550 de
1083 1490 1166 1550 ruodo
1185 1499 1213 1550 et
1227 1488 1349 1566 ratione,
1383 1512 1454 1570 qna

159 1595 165 1602 ’
222 1593 309 1634 sacra
333 1571 478 1633 eeclesiae
499 1575 618 1650 agenda
644 1572 717 1648 siut,
752 1585 978 1635 commemorant
1001 1575 1157 1656 episcopos
1182 1585 1210 1636 et
1237 1577 1442 1655 presbyteros

222 1656 329 1746 quibus
346 1677 417 1719 cura
433 1676 583 1719 sacrorum
601 1620 773 1721 demandato
787 1660 886 1737 fuerit,
909 1671 1127 1741 conqueruntur
1143 1663 1179 1722 de
1194 1659 1341 1721 hominum
1355 1683 1452 1724 non-

220 1737 385 1820 nullorum,
410 1744 458 1823 qui
484 1744 641 1807 afratrum
663 1746 855 1809 conventibus
878 1748 1097 1824 abhorruerint,
1121 1745 1320 1826 negligentia,
1344 1759 1452 1830 ιιιιιιιι

220 1830 347 1893 ιιιιιιιι
363 1851 434 1892 suos
450 1830 613 1907 hortantur,
630 1842 663 1893 nt
680 1832 816 1914 precibus
829 1838 1015 1895 commonibus
1027 1855 1060 1895 so
1072 1854 1178 1914 resque
1193 1854 1263 1895 suas
1274 1834 1337 1894 Deo
1351 1855 1453 1897 com-

219 1920 368 1980 mendent.
401 1917 541 1980 Adierant
556 1919 671 2000 quidem
689 1919 816 2000 apostoli
834 1920 923 1982 urbes
938 1919 1118 2002 potissimum
1138 1930 1165 1981 et
1181 1920 1353 2000 metropoles
1373 1922 1452 1984 fre·

222 2017 345 2088 quentes
362 2015 390 2068 et
407 2005 570 2086 opulentas,
588 2017 686 2088 utpote
703 2027 777 2088 quas
794 2026 860 2070 esse
876 2014 1016 2068 noverant
1031 2010 1117 2068 sedes
1135 2026 1350 2087 synagogarum
1369 2009 1453 2089 (sy-

220 2114 360 2173 nogogae
384 2094 460 2154 enim
482 2105 565 2154 eraut
582 2093 814 2154 Christianorum
834 2093 1017 2171 seminaria),
1042 2094 1165 2174 ideoque
1189 2094 1216 2153 in
1234 2094 1293 2153 illis
1309 2094 1453 2158 maxime

223 2180 338 2258 oppidis
357 2187 385 2237 et
399 2178 522 2237 urbibus
540 2179 657 2239 condita
674 2189 744 2238 sunt
759 2180 796 2238 ab
811 2179 894 2239 initio
911 2200 997 2240 saera
1014 2179 1182 2242 christiana.
1222 2181 1317 2257 Quum
1333 2190 1451 2243 autern

222 2265 398 2327 succedente
422 2270 550 2342 tempore
573 2261 681 2325 diffusa
707 2273 785 2325 esset
802 2264 908 2343 religio
932 2266 1090 2327 christiana
1106 2265 1216 2328 sensim
1237 2264 1452 2347 paulatimque

158 2401 163 2410 ,
221 2352 253 2412 'u
270 2347 429 2427 municipia
446 2348 586 2426 etnicos
609 2347 651 2409 ibi
668 2371 888 2431 quoquesaera
907 2351 1064 2413 christiano
1082 2352 1131 2431 atri
1150 2361 1321 2431 coeperunt,
1345 2351 1452 2452 idque

219 2436 333 2519 passim
359 2434 582 2515 apostolurum
573 2455 635 2496 ram
648 2446 742 2498 aetate
765 2436 875 2498 foetum
894 2457 960 2500 esse
978 2438 1083 2500 exinde
1106 2449 1239 2541 apparet,
1266 2437 1365 2519 qnod'
1357 2451 1453 2502 rnter

222 2523 340 2609 oppida,
357 2521 548 2585 ecclesiarum
565 2521 789 2586 christianarum
806 2527 902 2600 sedes,
918 2525 998 2588 iuN.
1010 2526 1049 2586 Τ.
1066 2524 1182 2604 seriptis
1202 2533 1450 2606 commemorata,

221 2599 367 2673 nonnulla
390 2609 568 2691 ignobiliora
593 2610 778 2689 reperiuntur
787 2609 826 2684 *.)
866 2610 961 2686 Ortis,
988 2610 1117 2672 saeculis
1141 2612 1270 2672 secundo
1296 2622 1323 2673 et
1339 2615 1451 2692 ιιιιιι,

223 2697 385 2777 ecclesiis
376 2717 408 2757 ru
424 2697 558 2758 omnibus
574 2695 638 2758 fere
654 2694 899 2758 celebrioribus
889 2696 1003 2775 imperii
997 2694 1146 2762 Romani
1171 2698 1301 2776 oppidis,
1325 2665 1451 2762 inueni

222 2790 312 2846 'sacra
330 2782 449 2864 publica
472 2783 604 2845 instituta
630 2803 714 2860 esse,
740 2785 824 2844 deret
849 2784 952 2846 erebra
978 2780 1168 2844 eeclesiarum
1192 2783 1233 2842 ibi
1255 2782 1449 2848 conditarum

182 2912 185 2923 ·
222 2871 456 2934 commemoratio
481 2877 509 2933 et
531 2869 679 2951 colligitur
703 2870 830 2931 omnium
855 2868 979 2931 maxime
1006 2869 1191 2943 onomiuum
1220 2870 1447 2951 episcoporum,

220 2983 272 3044 ιιιιι
263 2958 478 3021 conciliorum
496 2957 570 3019 actis
589 2957 845 3059 subscripserunt,
875 2957 1068 3017 multitudine.
1105 2958 1207 3035 Neque
1219 2977 1325 3021 marum
1341 2955 1455 3021 videri·

222 3056 334 3130 potest,
361 3066 447 3108 sacra
469 3045 643 3105 solemnia
634 3065 665 3102 ru
689 3042 830 3102 eiusmodi
856 3041 971 3120 oppidis
989 3051 1054 3102 aeta
1072 3060 1157 3116 esse,
1181 3041 1230 3102 ubi
1249 3063 1314 3121 mag
1318 3062 1354 3102 na
1371 3058 1449 3108 erat

223 3132 458 3194 Christianorum
481 3128 655 3209 frequentia.
689 3127 755 3187 Hoc
779 3145 847 3187 roro
871 3135 1032 3188 memoratu
1054 3127 1176 3227 dignum
1196 3140 1241 3189 est
1258 3138 1286 3190 et
1296 3091 1445 3195 nveterem

1444 1626 1455 1656 ι

107 3234 112 3237 ·
223 3216 379 3278 ecclesiam
404 3235 511 3294 magno
536 3235 632 3275 rernm
659 3210 810 3275 sacrarum
834 3211 979 3273 desiderio
1003 3212 1114 3275 arsisse
1140 3216 1331 3295 demonstrat,
1357 3223 1445 3294 ιιιιοιι

224 3302 395 3381 Christiani,
412 3303 442 3362 in
459 3300 531 3364 vicis
550 3311 578 3362 et
593 3300 679 3382 pagis
698 3302 848 3381 degentes,
871 3318 908 3361 ne
925 3299 1044 3380 saepius
1061 3321 1162 3362 carere
1178 3312 1351 3381 cogerentur
1368 3302 1445 3380 pie-

223 3391 292 3453 tatis
308 3388 465 3466 exercitio,
489 3388 520 3448 in
543 3387 625 3450 hisce
642 3387 729 3469 pagis
754 3387 818 3450 suis
843 3396 870 3448 et
892 3387 965 3449 vicis
982 3408 1068 3450 saera
1092 3386 1213 3468 publica
1236 3384 1444 3461 condiderunt.

222 3476 310 3557 Quod
328 3498 365 3540 ne
383 3485 490 3539 temere
508 3475 650 3538 sumsisse
666 3475 826 3550 videamur,
844 3472 1071 3535 testimoniorum
1085 3471 1292 3535 nonnullorum
1306 3477 1446 3536 auctori-

222 3576 281 3630 tate
297 3567 471 3629 confirmare
488 3560 595 3645 placet
615 3562 668 3626 Sto
683 3560 847 3643 Dionysius
863 3556 1090 3635 Alexandrrnus
1108 3581 1155 3639 qur
1148 3559 1340 3663 saeculop
1358 3561 1391 3622 C.
1409 3584 1445 3627 n.

131 3661 137 3665 ’
223 3652 307 3713 tertio
321 3652 401 3728 vixit,
419 3670 496 3758 sese,
514 3650 544 3710 in
556 3651 658 3731 Aegyp
661 3661 688 3712 to
700 3659 934 3747 commorantem,
951 3664 1131 3709 convocasse
1144 3658 1243 3721 narrat
1255 3635 1329 3717 τοὺς
1339 3667 1443 3727 πρεσ-

222 3727 378 3820 pionpant·
399 3734 452 3797 ιιαὶ
468 3674 682 3806 ιιιιιιισκαλους
703 3734 765 3796 τῶν
790 3734 824 3795 ἐν
847 3724 963 3813 κώμαις
986 3727 1196 3810 susteneo),
1222 3744 1250 3795 ιι
1274 3743 1439 3798 conventus

117 3884 119 3891 .
221 3818 995 3915 iratrnmiusnbnrbiislrabito'scommemorem),
1020 3819 1192 3900 eoqueipso
1211 3820 1393 3902 satisducet,
1421 3843 1441 3884 a

292 4078 371 4163 *)ιι.
391 4063 523 4142 catalogos
543 4076 732 4141 eeclesiarum,
752 4088 861 4158 quornm
880 4072 957 4126 iuN
977 4070 1008 4124 Τ.
1027 4072 1123 4125 mentio
1141 4073 1186 4140 fit,
1208 4073 1325 4126 conditos
1346 4090 1362 4126 a
1384 4076 1440 4126 ua.

222 4146 327 4202 boddo*
319 4165 346 4201 ιιι
366 4148 437 4199 Luco
456 4146 585 4210 evangelii
604 4147 652 4197 toti
671 4146 728 4196 orbi
747 4146 891 4209 exoriente,
915 4159 973 4209 cap.
991 4142 1024 4194 V.
1043 4160 1069 4210 p.
1088 4145 1121 4196 83
1137 4160 1178 4209 sq
1199 4149 1226 4194 et
1244 4159 1258 4193 a
1276 4148 1333 4199 loe.
1352 4148 1452 4195 Hart-

156 4272 159 4279 ,
222 4232 314 4268 manno
333 4215 461 4269 inlibro.
482 4216 512 4266 de
531 4215 608 4265 rebus
627 4215 707 4277 gestis
730 4212 872 4262 christion.
892 4212 939 4262 sub
959 4218 1043 4278 apost.
1064 4229 1121 4280 cap.
1140 4211 1198 4264 Vll.
1221 4228 1246 4278 p.
1268 4211 1327 4263 107.

292 4285 342 4349 **),
358 4303 384 4337 v.
404 4283 500 4335 Euseb.
520 4282 552 4333 ιι.
572 4282 604 4334 ιι.
623 4281 655 4335 L.
674 4280 733 4335 Vll.
755 4296 813 4347 cop.
834 4281 878 4335 24.

292 4349 356 4419 ***)
375 4354 439 4417 lbid.
458 4367 483 4411 o.
503 4352 545 4411 ιι.
941 4368 944 4377 .
