3067 5075
219 356 222 364 l
254 252 320 325 284
680 251 791 325 XLIII.
821 256 931 345 phun.
948 256 1047 341 lleptr

254 434 349 516 Atque
364 430 645 515 lanc'dieoipliuau,
661 452 748 515 quan
758 431 839 501 circa
849 432 951 516 lapsos
964 442 993 496 et
1004 418 1186 515 poenitentes
1196 431 1325 497 maurit
1334 431 1475 512 Rome

255 520 392 600 eeclesia,
410 524 448 583 oh
464 539 615 597 summam,
631 542 689 603 qua
706 521 782 584 inter
796 521 927 603 reliquos
937 519 1106 590 Occidentis
1121 520 1279 603 episcopos
1294 518 1345 582 ille
1355 520 1475 585 Rona-

255 630 312 673 nus
341 608 505 686 eminebat,
533 608 736 686 autoritatem,
762 608 907 673 ecelesias
932 609 990 673 nisi
1017 629 1069 691 per
1092 607 1207 673 ltaliam
1233 626 1355 686 ennea,
1392 616 1475 673 certe

255 696 472 776 snhnhicarias,
489 699 618 778 quaeah
634 697 699 779 ejas
716 697 858 778 regimine
871 700 1045 779 pendebant,
1062 706 1217 763 secuturas
1227 696 1333 772 icisse,
1348 695 1475 773 dubium

255 795 397 863 nonest,
428 795 539 848 tanturn
564 784 635 847 illud
663 789 856 864 monendum,
889 787 966 867 quod
989 788 1025 849 de
1054 784 1209 866 disciplina
1231 783 1473 859 Mediolanensis

256 873 402 938 eeclesiae
418 872 543 936 seomiue
560 873 647 935 achis
664 881 780 937 constet
794 895 831 936 ex
843 871 932 937 lihris
948 876 985 936 de
1002 873 1190 955 poenitentia,
1207 893 1281 955 qnos
1293 872 1473 941 Arnhroaius

255 961 384 1044 scripsit,
403 960 566 1024 Mediolani
586 962 754 1043 episeopus.
1343 1038 1348 1044 Ι

341 1047 1472 1132 llh.DedisciplinaeculesiaeAfricanae.§.Llioman

256 1136 413 1201 ecelesiam
435 1136 465 1198 in
485 1137 661 1201 reducendis
685 1138 717 1199 in
735 1139 811 1203 ιίιιιι
831 1139 1036 1221 peccatoribus
1059 1158 1126 1201 curn
1140 1138 1285 1214 Africano
1306 1135 1398 1199 multa
1417 1136 1473 1199 ha·

256 1224 360 1288 huisse
375 1224 435 1287 dixi
453 1226 639 1304 conmunia3
661 1225 754 1306 igitur
769 1236 950 1310 opportunos
968 1225 1023 1291 orit
1039 1224 1154 1287 dicendi
1175 1226 1212 1287 de
1229 1223 1295 1306 ejus
1312 1221 1473 1306 disciplina

255 1311 353 1377 loeus.
397 1312 481 1376 Unus
506 1333 544 1376 cx
567 1314 684 1396 primis,
715 1314 765 1395 qni
793 1319 830 1377 ah
853 1334 926 1378 aero
953 1313 1150 1396 apostolorum
1181 1312 1212 1375 in
1240 1311 1472 1393 cannaparia

256 1399 385 1465 ecclesia
403 1403 573 1481 docuerant,
593 1401 816 1481 Tertullianus,
842 1404 993 1485 presbyter
1007 1401 1080 1478 fuit,
1104 1403 1206 1463 doctor
1224 1399 1425 1478 rigidissimus
1443 1412 1473 1464 et

257 1486 433 1572 disciplinae
448 1488 621 1575 austerioris
636 1510 698 1553 see.
715 1511 771 1553 suo
791 1490 1010 1568 tenacissimus,
1029 1491 1079 1571 qui
1097 1498 1165 1571 post
1180 1487 1356 1569 baptismum
1370 1487 1404 1551 iu
1420 1486 1475 1559 illc

256 1578 368 1642 atrocia
386 1575 582 1655 idololatriae,
601 1576 752 1641 moechiae
768 1588 797 1640 et
814 1578 962 1641 homicidii
980 1577 1101 1640 cumina
1119 1577 1222 1657 lapsos
1238 1576 1323 1641 senia
1342 1586 1370 1637 et
1389 1596 1473 1638 eonn-

257 1664 395 1728 rnunions
411 1665 519 1744 dignus
543 1684 599 1727 nee
618 1664 801 1748 poenitentes
825 1686 879 1729 uec
904 1661 1092 1728 niorihuudos
1114 1663 1226 1726 hahuit
1271 1663 1310 1726 Et
1326 1665 1395 1726 ideo
1413 1664 1473 1727 cri·

255 1752 336 1817 anina
351 1751 563 1830 innundahilia,
579 1752 838 1816 irreconciliabilis
855 1765 882 1818 ct
898 1752 1113 1816 irremissibilia
1130 1752 1232 1815 cailla
1249 1752 1382 1831 roccha,
1403 1753 1473 1834 qnia

257 1838 492 1904 remittendorum
512 1860 612 1904 eornm
634 1841 730 1904 Deum
750 1842 895 1923 ecelesiae
921 1852 1091 1924 potestaten
1111 1839 1222 1903 secisse
1245 1843 1384 1920 negelm.
1429 1841 1473 1905 lu

256 1928 373 2012 qudem
392 1927 613 2007 Tertullianus,
633 1940 824 2012 postquama
849 1929 971 1993 recitate
989 1931 1018 1990 in
1037 1930 1173 1993 Mentori
1197 1947 1314 1993 errores
1336 1925 1471 1993 declina·

76 2054 79 2061 ·
143 2020 145 2027 ⁴
256 2024 347 2080 verat.
390 2016 428 2078 At
444 2037 511 2080 reno
527 2016 621 2097 luisse
638 2025 753 2097 praeter
770 2016 1000 2096 Tertullianum,
1017 2018 1046 2078 iu
1064 2015 1202 2081 Africana
1217 2016 1367 2098 provincia
1386 2015 1471 2079 enan

257 2126 295 2169 ex
314 2104 484 2167 doctoribus
507 2106 674 2180 catholicis,
696 2107 745 2187 qui
764 2106 897 2187 graviter
920 2104 1110 2189 perrantihus
1134 2124 1246 2187 poenas
1265 2124 1360 2186 aeque
1379 2106 1470 2169 duras

184 2247 187 2250 ,
230 2210 233 2217 ·
257 2192 302 2257 rel
319 2192 511 2256 morientibus
526 2196 563 2257 ad
580 2194 703 2256 aliarum
718 2194 911 2261 ecclesiarum
925 2192 1089 2275 exemplum
1101 2192 1294 2270 decreverint,
1305 2192 1471 2275 Cyprianus

257 2289 380 2344 testatur
403 2282 434 2342 io
449 2301 495 2361 cp.
514 2283 550 2344 ad
569 2281 782 2345 Antonianum
810 2291 848 2345 Et
863 2285 971 2364 quidest
987 2284 1064 2363 opud
1079 2292 1263 2360 oauoueoree
1280 2291 1391 2345 nostroe
1407 2288 1470 2363 pui-

211 2386 214 2397 '
256 2371 323 2431 dcet
354 2369 388 2428 de
409 2374 545 2450 episeopis
568 2375 631 2433 istie
658 2375 686 2431 ia
711 2377 853 2450 prooiaoio
876 2381 973 2433 aestro
995 2372 1120 2432 Modone
1147 2390 1244 2450 worm
1267 2372 1387 2432 meana
1418 2391 1470 2433 son

256 2466 425 2538 pauwaert
442 2467 468 2517 et
485 2463 516 2518 is
532 2466 619 2518 totum
634 2450 816 2538 comitantiae
830 2461 919 2523 laeuae
935 2469 1033 2520 oontm
1049 2459 1188 2521 adulterio
1203 2460 1374 2521 rummare.
1407 2455 1470 2534 Qua

178 2599 182 2612 ,
256 2564 331 2626 pace
354 2542 468 2607 exclusi
487 2544 572 2608 fuere
591 2542 734 2623 adulteri,
759 2548 861 2608 catera
884 2547 970 2610 ctiam
995 2544 1165 2607 idololatrae
1190 2545 1329 2627 prohibiti
1354 2545 1470 2630 innuet

176 2673 180 2682 »
257 2652 323 2695 earn
338 2629 503 2694 homicidis.
530 2632 623 2694 Neruo
639 2653 707 2695 aero
724 2634 855 2713 ejusdcm
872 2655 938 2697 earu
955 2632 1140 2696 Tertulliano
1158 2633 1267 2696 erroris
1284 2636 1341 2697 troc
1356 2634 1469 2698 nomine

257 2739 310 2783 eos
327 2728 452 2801 ‚arguat
496 2720 592 2799 Quam
621 2720 697 2783 enirn
723 2721 886 2785 Montanus
914 2719 1059 2785 ecelesiae
1084 2728 1256 2803 potestaten
1282 2720 1468 2804 abjudicavit

256 2829 321 2873 eane
337 2829 395 2871 uon
412 2807 529 2889 quidem
545 2807 589 2871 illi
605 2808 634 2870 iu
653 2807 780 2873 molesia
794 2811 1009 2889 desiderarunt,
1025 2820 1136 2874 tautum
1151 2809 1207 2874 hoc
1217 2831 1273 2874 sno
1287 2819 1315 2873 et
1326 2807 1467 2873 ecclesiae

253 2898 337 2981 jure,
361 2897 495 2978 quamue
514 2897 556 2974 uti
574 2918 607 2960 se
626 2917 715 2978 posse
731 2895 810 2961 haud
830 2898 1010 2979 ignorarent,
1034 2897 1075 2960 nti
1094 2898 1388 2977 tamennolnernnt,
1413 2918 1466 2960 uon

256 2984 315 3048 alio
341 2992 421 3048 certe
448 2983 592 3063 ennodio,
623 3006 710 3066 qnam
736 2997 768 3048 ut
791 3006 904 3069 poenae
928 2985 1086 3050 severioris
1104 2996 1184 3051 ueta
1208 3008 1227 3051 a
1251 2985 1466 3068 languoribus

223 3146 225 3156 Ι
256 3074 387 3157 peccetis
406 3073 640 3136 Christianorum
665 3073 774 3151 animi,
800 3084 939 3156 quantum
961 3073 1023 3136 lieri
1044 3082 1160 3156 posset,
1184 3078 1411 3154 deterrerentur,
1426 3109 1465 3122 -

256 3160 285 3245 §.
303 3162 334 3225 2.
363 3160 443 3224 Hnie
466 3162 557 3242 rigori
581 3163 722 3225 adsuetos
741 3162 809 3224 olim
833 3162 926 3227 luisse
942 3161 1099 3241 Africanos
1123 3163 1285 3235 doctores‚.
1298 3163 1368 3244 ipsa
1392 3182 1466 3226 eun·

256 3250 362 3331 prohat
378 3248 552 3329 disciplinae
569 3250 652 3326 ratio,
678 3268 764 3330 qnam
780 3259 847 3330 post
872 3251 920 3313 sai
939 3250 1129 3332 episcopatus
1148 3250 1231 3314 initia
1250 3271 1316 3313 cunr
1334 3251 1425 3333 lapsis
1439 3260 1466 3314 et

257 3335 474 3417 poenitentibus
491 3334 658 3418 Cyprianus
671 3336 918 3417 carthaginensis
932 3340 1069 3415 serravit,
1086 3338 1218 3417 quamvis
1233 3340 1291 3408 snb
1307 3339 1374 3421 ejus
1388 3337 1465 3418 regi·

257 3422 335 3485 mine
351 3424 388 3485 de
403 3421 483 3486 illins
498 3423 655 3487 severitate
670 3423 793 3487 multane
808 3426 936 3488 sufficie
952 3425 1121 3495 decesserit.
1142 3426 1291 3509 Quicquid
1303 3427 1464 3509 Cyprianus

256 3510 287 3574 in
304 3529 395 3574 rausa
412 3510 564 3593 lapsorum
580 3514 617 3574 ad
635 3511 793 3576 conciliatu
809 3534 904 3595 usquo
923 3513 1156 3595 carthaginense
1172 3515 1214 3579 ΙΙ.
1235 3506 1315 3596 egit,
1333 3526 1421 3578 totum
1436 3513 1476 3599 id¹

257 3620 342 3685 omne
361 3599 533 3682 complexus
550 3611 597 3663 est
613 3620 676 3681 ep,
700 3604 839 3684 quemad
856 3608 1064 3679 Anneianum,
1087 3602 1242 3666 Numidiae
1258 3602 1366 3685 episc,
1385 3602 1464 3679 dedit,

169 3756 173 3763 ¹
256 3687 400 3772 prolixam
418 3709 491 3753 sane
507 3699 594 3773 atque
610 3688 757 3770 insignem
774 3691 854 3754 etad
870 3692 1075 3755 illustrandam
1090 3690 1180 3775 hujus
1191 3693 1366 3774 argumenti
1381 3691 1464 3758 suu-

256 3776 330 3839 riarn
346 3769 477 3859 apprime
494 3786 701 3860 comparatam.
745 3778 833 3842 Circa
851 3780 920 3842 anni
935 3777 989 3842 ta.
1009 3777 1109 3856 lineum
1125 3790 1177 3844 ant
1192 3780 1328 3862 proxim
1346 3776 1462 3844 ineuntis

256 3863 342 3927 initia
358 3886 419 3930 see.
432 3866 485 3929 lll.
501 3886 592 3947 graec
608 3868 750 3931 adversus
766 3867 923 3930 ecclesiane
941 3865 1052 3929 hcllnrn
1068 3868 1325 3949 petehulleciua.
1344 3868 1461 3932 Prinna

183 3993 186 4004 ›
252 3953 386 4036 jactabat
403 3954 510 4032 ruinas,
531 3975 588 4016 nnn
609 3954 659 4016 din
678 3965 746 4036 pest
762 3955 793 4018 in
811 3955 978 4036 provincias
995 3955 1171 4022 emanabant
1186 3956 1252 4039 ejus
1270 3958 1309 4020 do
1326 3954 1462 4022 Christia-

256 4040 304 4105 nis
328 4039 469 4104 tollendis
495 4044 600 4105 edicta.
646 4043 683 4105 Et
702 4042 900 4123 Carthagine,
927 4054 958 4105 ut
983 4066 1000 4107 e
1023 4043 1163 4125 Cypriani
1188 4044 1324 4126 epistolis
1348 4050 1460 4117 eoem,

254 4127 368 4213 primns
391 4130 635 4212 impetuspupnli
659 4138 723 4192 erat
740 4131 866 4194 incutis
884 4132 916 4193 in
933 4132 1121 4214 episcopum,
1143 4133 1231 4215 plane
1249 4135 1287 4196 ad
1307 4131 1459 4215 exemplu

256 4218 408 4300 principis,
424 4217 660 4300 uuiltoniam,
677 4219 771 4299 episc.
782 4221 958 4299 Romanurn,
976 4221 1070 4303 primo
1081 4220 1148 4285 loeo
1160 4221 1332 4297 tollenono,
1348 4216 1460 4286 cerui

78 4329 80 4336 ‘
143 4309 145 4312 ’
256 4306 368 4369 Exorto
384 4306 452 4369 line
470 4307 732 4385 maurataneae,
749 4306 916 4391 Cyprianus
927 4329 1017 4389 saepe
1030 4310 1191 4389 emeritus,
1208 4329 1298 4390 saepe
1310 4309 1461 4374 adluente·

254 4393 287 4456 in
304 4393 393 4473 cuce,
417 4394 447 4464 ia
471 4393 681 4475 amphitheatro
700 4396 827 4460 clamore
850 4396 950 4479 populi
971 4398 1159 4478 postulatus,
1182 4398 1300 4462 tundent
1314 4396 1460 4492 lleijestss

257 4481 397 4562 emansit,
423 4488 543 4567 propter
565 4482 692 4568 quietem
715 4485 839 4550 fratrum
863 4485 1022 4568 publicane,
1049 4490 1133 4568 amn
1150 4508 1184 4554 se
1201 4505 1291 4583 punct
1305 4506 1382 4567 ‚prae
1401 4478 1460 4548 aliis
