3067 5075
286 286 353 353 seo
642 248 672 284 ·’
711 277 821 351 mur.
855 276 1078 371 mesen

287 463 443 538 clarentes,
459 468 581 542 nspeotu
598 459 662 522 lero
676 456 787 527 horridi
804 472 833 525 et
848 464 884 525 sd
905 458 1075 526 monendam
1091 468 1252 524 ceterorum
1268 459 1452 523 misericordes

287 549 373 612 unice
391 549 561 629 compositi,
579 549 681 610 babitu
700 548 837 630 lugubri,
862 570 953 613 sacco
970 562 999 613 et
1016 549 1131 627 cilicio,
1151 548 1284 631 jacentes
1297 549 1326 609 iu
1340 549 1452 626 serdibus,

287 637 368 699 humi
386 638 541 718 prostrati,
558 636 696 717 lacrymis
714 645 745 698 et
755 637 879 720 jejuniis
898 649 1012 719 tempus
1031 641 1185 714 ducentes,
1197 646 1341 700 ramme
1354 636 1453 714 ostiosi,

288 735 407 807 atquae
424 724 482 786 alia
498 724 694 806 poenitentiae
713 737 812 803 erant,
839 747 874 789 ea
899 747 960 789 uon
982 725 1156 788 omittentes.
1200 725 1285 786 lieno
1300 723 1453 804 poenitenda

287 812 501 893 professionem
528 823 694 891 externam,
719 834 806 894 quaro
830 830 860 876 et
881 814 976 895 ipsam
1000 811 1241 891 exomologesin,
1263 811 1346 875 latim
1366 821 1453 891 noento

287 902 506 978 roce,diutam
528 900 622 963 fuisse
647 920 739 982 supra
756 901 860 980 docui,
885 902 1026 965 describit
1041 898 1250 964 Tertullianus
1274 902 1320 981 (de
1335 900 1453 980 pounb),
1487 910 1488 965 t

285 990 374 1070 eujus
401 991 488 1051 etiam
511 997 606 1051 aetate
632 1008 721 1050 saeco
744 988 862 1052 indutos
889 990 1045 1071 cioereque
1071 1008 1248 1069 conspersos
1270 985 1453 1067 luissepnblim
1487 984 1488 1061 l

286 1077 468 1158 poenitentes
484 1088 605 1157 apparet
627 1078 674 1156 (de
690 1080 782 1158 pordic.
799 1079 854 1150 5.).
888 1078 929 1139 Et
944 1077 1108 1159 postillum
1125 1076 1307 1158 Cyprianus:
1332 1072 1454 1147 dirersis·
1487 1086 1488 1135 i

288 1165 364 1245 quit,
388 1175 495 1245 oportet
519 1172 670 1245 impensius
696 1176 722 1226 et
738 1187 851 1244 ropnre,
869 1167 941 1228 dicon
957 1170 1031 1228 lemn
1047 1171 1217 1243 transipesc,
1242 1167 1340 1243 eiplliis
1354 1173 1454 1223 redon

285 1253 394 1331 fletibus
410 1255 519 1325 dooere,
545 1265 651 1332 tempos
678 1272 757 1314 omne
777 1257 937 1329 lacrymosis
963 1254 1206 1315 lamentationibus
1225 1271 1365 1332 occupuse,
1382 1257 1454 1311 rbem

286 1341 346 1401 selo
362 1343 527 1414 ndbossere,
550 1347 579 1402 in
596 1348 685 1403 ninere
700 1351 727 1402 et
744 1345 833 1403 cilicio
856 1353 882 1403 st
905 1344 1034 1405 sordidos
1051 1344 1174 1404 oolotnri
1198 1342 1287 1420 (oper.
1303 1361 1331 1418 p.
1344 1335 1453 1408 neliil
1487 1366 1488 1421 j

286 1422 381 1508 Atque
396 1428 445 1489 bie
461 1428 594 1508 inprimis
611 1440 797 1507 peecatorum
813 1429 968 1506 neminem,
994 1428 1042 1510 qui
1063 1427 1254 1508 gravioribus
1271 1420 1453 1488 leborsbntm'e
1487 1430 1488 1525 t

287 1516 433 1594 minibus,
458 1517 572 1596 pristini
595 1517 672 1598 juris
697 1516 830 1578 societati
855 1517 967 1580 restitui
989 1516 1107 1579 volebat
1127 1516 1194 1578 sine
1219 1519 1302 1597 piene
1321 1516 1453 1594 possm
1487 1542 1488 1595 t

287 1624 365 1684 quae
378 1625 437 1664 nou
454 1614 564 1665 tantum
579 1624 612 1666 se
628 1606 797 1666 extenderet
812 1607 849 1666 od
864 1606 973 1687 justum
991 1615 1020 1668 et
1035 1603 1199 1685 legitimum
1216 1615 1336 1684 tempus,
1351 1603 1393 1662 sel
1404 1615 1454 1679 qtae
1487 1610 1488 1683 t

283 1710 357 1752 nera
373 1691 460 1752 simul
478 1702 567 1768 esset,
585 1690 682 1752 animo
701 1690 810 1753 dolenti
828 1711 892 1754 oum
911 1693 1007 1773 signis
1026 1693 1173 1773 externis,
1190 1712 1267 1773 quae
1285 1693 1318 1752 de
1334 1683 1453 1770 peccatoris

287 1777 496 1855 conversione,
523 1789 661 1860 qnantum
680 1778 741 1840 lieri
761 1790 881 1860 posset,
903 1779 988 1843 iidem
1011 1782 1160 1856 lacerent,
1185 1781 1263 1860 quod
1285 1788 1343 1839 erat
1357 1774 1454 1855 ipsine
1487 1812 1488 1867 p

285 1869 369 1946 pleno
389 1869 544 1928 bumilitate
567 1869 741 1941 satisfecere.
787 1867 923 1930 Ceterum
956 1868 986 1928 iu
1011 1870 1066 1931 boo
1085 1867 1284 1950 poenitentiae
1300 1868 1453 1926 desursum·

158 1972 166 1992 t
286 1951 362 2015 elusi
380 1954 497 2033 penitus
517 1965 599 2016 erant
618 1956 655 2015 ab
672 1956 809 2017 omuibus
827 1955 1061 2018 Christianorum
1079 1954 1302 2036 congressibus,
1326 1946 1454 2034 probibitio

210 2075 216 2099 ι
265 2043 384 2117 ,sacris
401 2041 717 2124 eucharisticisueque
742 2043 907 2106 oblationes
927 2065 1027 2108 eorum
1047 2044 1206 2106 admissae.
1241 2076 1282 2090 -
1314 2042 1341 2126 §
1358 2034 1454 2101 litter

287 2130 437 2211 propriam
461 2141 547 2278 atpue
572 2131 751 2211 peculiarem
770 2132 848 2193 bono
874 2133 970 2213 legem
994 2131 1051 2194 sibi
1076 2132 1187 2193 lecerat
1204 2129 1338 2193 Africano
1357 2121 1453 2189 ecclesio
1487 2156 1488 2217 p

288 2219 374 2300 eujus
391 2218 490 2279 antisti
505 2237 537 2279 es
556 2226 639 2280 erant
655 2226 685 2279 et
702 2221 852 2293 doctores,
877 2240 999 2301 quorum
1018 2218 1209 2297 testimoniis,
1236 2238 1310 2300 quae
1327 2213 1392 2288 dixi,
1410 2226 1454 2289 prr
1487 2228 1488 2283 i

287 2306 365 2373 bari.
397 2306 529 2367 Eandem
545 2327 660 2387 quoque
677 2305 733 2367 sibi
752 2306 918 2386 impositam
935 2327 1001 2369 esse
1025 2307 1163 2369 videbant
1185 2301 1453 2388 publicepeesitentst

286 2393 317 2453 in
335 2392 467 2455 Asiatica
493 2403 521 2454 et
543 2393 572 2452 in
588 2393 722 2454 Romans
751 2394 899 2457 ecelesiis.
947 2395 986 2456 Et
1011 2397 1047 2457 de
1065 2395 1200 2457 Romana
1225 2390 1351 2456 uonoibil
1370 2392 1454 2449 tssltltr

200 2534 202 2540 .
286 2480 353 2561 ipsa
371 2476 510 2558 Cornelii,
528 2479 608 2542 sedis
624 2480 779 2544 Romanae
794 2501 855 2546 sec.
871 2482 924 2544 lll.
943 2481 1084 2564 episcopi,
1106 2484 1142 2544 ad
1158 2481 1322 2545 Fabianum
1339 2472 1453 2540 trente
1487 2486 1488 2552 t

286 2588 357 2629 uum
381 2567 513 2647 epistola,
536 2569 630 2631 relata
652 2570 689 2630 ab
714 2570 846 2633 Eusebio
871 2572 940 2633 bist.
958 2572 1030 2633 ecel.
1045 2569 1076 2646 6,
1094 2574 1147 2634 43.
1187 2568 1371 2652 Disciplinam
1384 2575 1453 2637 ueste

286 2653 344 2717 boe
366 2673 427 2719 seu.
449 2656 575 2719 babebat
591 2677 770 2719 communem
785 2659 847 2721 iere
864 2680 930 2721 rum
946 2680 995 2732 en,
1020 2679 1094 2739 quse
1111 2659 1253 2740 Cypriani
1277 2666 1363 2718 aetate
1374 2654 1454 2726 recept

286 2744 384 2805 luerat
402 2744 431 2804 in
448 2744 587 2806 Africana
611 2744 755 2825 ecelesia,
781 2746 837 2809 nisi
853 2747 938 2829 'quod
955 2748 990 2808 de
1011 2746 1134 2827 pristino
1156 2745 1259 2827 rigere
1277 2743 1408 2806 remissus
1419 2731 1454 2795 nl

287 2830 464 2913 zephyrino,
484 2832 623 2896 moeelres
639 2835 822 2915 poenitentes
838 2834 1007 2915 recipiente,
1025 2834 1133 2915 quibus
1149 2854 1205 2896 uec
1225 2828 1453 2919 poenitentiarios

286 2938 389 3000 pacem
415 2919 463 2982 rel
486 2919 517 2981 in
541 2922 622 2983 exitu
646 2922 810 2984 constitutis
832 2922 1007 3002 indulgebat
1036 2942 1091 2983 sus
1116 2931 1212 2983 aetate
1237 2916 1417 2983 Tertullianus
1435 2924 1452 2963 ¹²
1487 2915 1488 2946 r

285 3007 397 3070 Alriea.
429 3009 497 3072 Huc
510 3028 626 3091 quoque
643 3009 746 3072 referri
763 3022 892 3091 possent,
908 3030 984 3091 quae
1000 3011 1036 3070 de
1050 3009 1219 3090 poenitendi
1237 3009 1266 3070 in
1284 3008 1374 3069 eedem
1388 2993 1453 3059 eccle
1487 3065 1488 3088 χ

282 3096 332 3157 sie
351 3096 409 3157 ritu
431 3117 501 3176 prae
527 3096 647 3177 reliquis
678 3107 883 3160 commemorat
900 3098 1082 3159 Sozomeuue
1108 3096 1176 3159 trist.
1201 3096 1276 3159 eorl.
1297 3091 1398 3170 7,16.,
1417 3098 1453 3163 tll
1487 3099 1488 3108 ’

284 3183 371 3245 etiam
389 3182 503 3244 faciunt
517 3182 580 3263 illa,
598 3204 674 3264 quae
691 3188 769 3266 apud
782 3185 990 3266 Hieronymum
1006 3185 1147 3265 leguntur
1160 3184 1192 3245 irs
1208 3185 1336 3265 Epistola
1349 3178 1381 3240 ul
1395 3176 1454 3234 bost·

283 3292 368 3348 nom,
393 3269 450 3330 nisi
474 3269 550 3331 forte
576 3278 640 3350 post
665 3279 795 3350 tempora
813 3272 953 3353 Cypriani
976 3274 1055 3334 buno
1082 3271 1167 3333 ritum
1183 3272 1214 3332 in
1236 3269 1315 3332 illam
1332 3267 1454 3329 Romnae
1487 3299 1488 3348 r

171 3396 176 3401 -
283 3355 480 3417 introductum
497 3367 583 3437 atque
601 3360 675 3419 adeo
692 3358 810 3421 adultae
827 3359 931 3422 aetatis
951 3358 1033 3422 illum
1055 3359 1150 3422 luisse
1170 3358 1292 3421 dixeris.
1327 3392 1360 3402 -
1386 3340 1453 3430 §.lb
1487 3395 1488 3450 p

282 3442 365 3505 Haeo
383 3454 505 3524 peccata
520 3443 621 3506 luendi
640 3445 714 3507 ratio
733 3467 840 3527 magna
859 3446 906 3508 lris
923 3447 1033 3510 seculis
1049 3447 1195 3528 religione
1211 3454 1326 3510 serrato
1340 3441 1373 3504 ab
1387 3430 1453 3532 stell:
1487 3455 1488 3506 t

283 3530 348 3607 siis,
366 3531 499 3613 quamvis
517 3535 590 3594 dura
606 3533 698 3595 rideri
716 3535 810 3615 possit
826 3546 854 3598 et
869 3535 954 3599 valde
972 3534 1111 3615 difficilis,
1125 3537 1219 3598 aetate
1235 3532 1453 3616 tomeupostenttt

282 3619 429 3682 duriorem
452 3621 550 3683 adbuc
571 3621 789 3702 poenitentibus
816 3624 1070 3705 praescripserunt
1096 3632 1300 3703 protractoque
1322 3618 1350 3678 io
1374 3610 1453 3710 Pltlllg
1487 3631 1488 3702 t

282 3729 368 3789 quam
385 3719 471 3770 antea
487 3708 596 3770 factum
612 3707 718 3786 iuerat,
736 3732 829 3773 annos
847 3712 1042 3793 poenitentiae
1059 3719 1198 3793 tempore,
1212 3705 1378 3789 discipliuae
1390 3706 1454 3794 rttlfl
1487 3715 1488 3788 ᾗ

247 3799 251 3804 ’
282 3795 404 3857 multum
431 3796 604 3859 addiderunt
621 3798 773 3861 christiani
789 3803 934 3862 doctores.
984 3798 1099 3860 Etenim
1116 3810 1181 3880 post
1202 3798 1254 3859 illa
1271 3782 1452 3883 Tertullissttl
1487 3795 1488 3854 l

282 3883 421 3964 Cypriani
446 3895 575 3965 tempera
598 3885 753 3948 introducti
777 3886 896 3948 fner'um
912 3886 943 3947 iu
965 3884 1121 3948 ecelesiam
1138 3883 1274 3947 difficiles
1296 3879 1337 3942 illi
1352 3870 1452 3957 panor

194 4019 196 4024 .
282 3970 479 4050 poenitentiae
497 3975 608 4052 guadone
626 3983 654 4035 et
669 3975 811 4036 stationes
827 3973 1011 4047 laboriosae,
1036 3973 1166 4054 praelixa
1184 3956 1451 4062 poenitentibnsltfb

280 4080 318 4121 ne
338 4069 446 4122 temero
467 4059 702 4123 immiscerentur
725 4054 880 4138 fidelibus,
905 4063 1012 4143 quibus
1038 4072 1067 4123 et
1082 4061 1142 4142 ipsi
1158 4083 1177 4124 a
1195 4081 1228 4122 se
1243 4058 1361 4121 invicem
1375 4052 1452 4145 ἀφ’
1487 4061 1488 4094 ³

272 4142 458 4228 'guibertum
501 4148 593 4210 Erant
617 4159 676 4210 tum
701 4149 731 4209 iu
749 4146 878 4210 ecelesia
900 4143 1156 4231 speculationem,
1180 4136 1375 4230 decomptores,
1396 4147 1452 4191 vlt·
1487 4143 1488 4218 ᾗ

278 4236 451 4306 πίπτοντες
480 4246 509 4296 et
534 4237 648 4296 tandem
679 4228 907 4313 συνιστάμενοι.
953 4233 1071 4315 Singuli
1100 4228 1212 4296 στάσιν
1236 4252 1317 4296 sunm
1338 4217 1451 4289 tenebo
1487 4233 1488 4264 t

278 4334 443 4402 separatam
460 4343 478 4382 a
494 4322 626 4402 reliquis,
638 4342 676 4384 ex
691 4323 797 4404 quibus
814 4324 890 4386 lente
903 4321 1026 4404 promoti
1044 4331 1111 4404 post
1127 4322 1233 4385 multas
1247 4319 1391 4397 variaeque
1403 4319 1450 4366 ΘΓ·

278 4409 359 4490 peris
376 4408 602 4472 exereitationes
622 4412 659 4472 nd
677 4412 879 4491 mysteriorum
898 4432 965 4473 cum
980 4410 1118 4474 fidelibus
1136 4408 1359 4474 communionem
1372 4406 1449 4460 1⁸⁸⁰*

278 4491 409 4576 gebenn.¹
421 4532 464 4543 -
493 4495 522 4580 ᾗ.
539 4498 591 4562 13.
615 4498 790 4580 tgnorarunt
804 4502 929 4583 gradum
947 4509 975 4563 et
990 4498 1146 4563 stationum
1163 4498 1278 4564 ἰΗιιτιιω
1291 4488 1398 4557 uomina
1412 4495 1449 4541 ⁸¹·
