3067 5075
275 304 342 373 all
398 327 409 334 ·
604 342 609 353 ·
658 298 740 367 ΚΗ.
784 296 1109 363 a'rhlabmmer

346 524 353 535 .
427 478 512 545 atque
530 476 632 545 donum
649 489 708 531 soro
725 481 851 543 repeton,
872 480 1015 543 sennenque
1033 473 1145 543 sepulcri

485 544 521 599 Et
538 545 598 599 vino
616 552 644 597 et
660 544 770 612 dapibus
787 545 926 608 languidus
944 545 1027 595 instar
1047 545 1107 596 erit.

428 614 579 681 vitalesque
599 621 779 683 saturpotcro
800 615 843 663 vin
866 628 974 681 carpere
992 616 1078 677 llutos,

486 683 598 735 Coenam
616 684 693 735 aliam
712 683 807 733 crudus
825 698 967 750 persequar
984 684 1038 750 ipse
1057 681 1178 735 tameo.“

276 791 307 945 ἓ.
326 789 379 859 10.
405 789 602 869 Quomodo
626 789 670 850 de
694 788 753 851 his
778 788 981 852 conviviis
1002 784 1285 870 judicaverint
1307 786 1457 864 gentiles

304 889 402 960 ruptor
424 897 537 959 agapas
555 874 713 939 Christiani
731 897 750 938 a
766 876 929 957 gentilibus
953 874 1106 958 permultis
1131 872 1289 956 vituperali
1313 883 1341 935 et
1360 874 1455 956 suspecti

277 967 394 1046 redditi,
418 967 456 1027 ab
473 965 540 1026 aliis
558 984 625 1024 vcro
642 964 745 1045 paucis
764 965 873 1027 laudali
891 976 960 1026 suni
976 973 1005 1026 et
1020 963 1051 1027 io
1067 961 1263 1025 admiratione
1279 961 1395 1025 inerunt
1422 962 1456 1023 ln-

279 1054 410 1123 credibili
429 1055 512 1116 modu
530 1051 648 1133 qnidam
672 1072 688 1113 c
712 1052 874 1132 gentilibus
897 1072 1015 1133 operam
1040 1053 1204 1127 dederunt,
1229 1059 1263 1111 ut
1285 1048 1330 1110 his
1352 1047 1455 1110 conririis

279 1164 398 1221 omnes,
423 1160 497 1222 quas
514 1151 651 1221 possent,
674 1139 806 1203 maculas
830 1141 980 1202 inurerent
1004 1138 1050 1202 acl
1073 1159 1126 1200 eas
1142 1136 1287 1199 ridiculas
1303 1134 1455 1197 lacerentrel

277 1228 425 1295 horrenda
440 1227 563 1303 scelera,
586 1247 662 1308 quae
677 1227 706 1289 in
724 1229 770 1291 his
787 1227 980 1292 conuentibus
996 1228 1034 1289 ad
1054 1225 1234 1307 capiendum
1251 1224 1344 1285 cibum
1359 1223 1455 1285 cannit-

279 1326 418 1394 taroutur,
434 1315 580 1395 fingerent
598 1324 627 1377 et
642 1314 842 1383 mentirentur.
868 1315 926 1377 alii
943 1314 1137 1385 affirmabant,
1156 1310 1341 1375 Christianos
1354 1310 1454 1372 humanis

159 1423 166 1429 ·
279 1405 420 1469 carnibus
445 1403 541 1476 vesci,
566 1402 616 1465 alii
640 1403 714 1465 hacc
739 1403 873 1466 couririn
898 1405 1087 1467 detestandae
1111 1401 1289 1483 imparitatis
1303 1399 1454 1472 incumbam

279 1493 331 1559 alii
355 1501 507 1575 praeterea
524 1490 661 1553 dicebant
678 1490 910 1553 Christianorum
936 1511 1044 1553 uxores
1067 1510 1241 1551 communes
1265 1507 1331 1549 csse
1353 1486 1453 1585 rirosqrc

280 1581 447 1663 promiscuo
466 1578 625 1641 concubitu
641 1578 680 1639 uti
701 1600 755 1640 nec
773 1600 792 1641 n
808 1578 936 1661 propriis
959 1578 1111 1641 sororibus
1129 1578 1188 1639 sibi
1210 1589 1373 1657 temperare.
1401 1573 1453 1634 llum

279 1670 426 1733 horrenda
442 1665 495 1727 illa
508 1661 612 1727 'tabula
630 1668 665 1725 de
682 1658 932 1747 ἇνθρωποφαγίᾳ
949 1667 1134 1749 dapibusque
1150 1664 1323 1746 Thyesteis
1338 1659 1395 1722 hinc
1406 1658 1453 1719 illae

280 1756 413 1819 famosae
442 1744 636 1813 Oidcarodea'oc
650 1747 767 1829 μίξεις,
791 1751 861 1813 hinc
878 1752 1000 1815 crimina
1016 1755 1165 1833 incestus,
1190 1749 1362 1815 infanticidii
1377 1757 1399 1810 et
1410 1758 1452 1807 stu·

280 1863 398 1927 proram
417 1849 483 1903 cett.
511 1839 597 1917 Quae
613 1837 710 1901 omnia
727 1848 924 1903 memorantur
940 1851 968 1904 ct
984 1838 1148 1903 relatautur
1159 1840 1203 1902 'ab
1221 1836 1377 1921 apologelis
1390 1832 1452 1896 lile·

278 1950 401 2010 nagera,
425 1925 592 2007 Theophila
609 1926 811 2006 Antiocheno,
835 1928 950 1993 lustina
966 1929 1116 2010 Martyrc,
1144 1927 1293 2008 Origene,
1316 1920 1452 2002 Augustino,

279 2016 481 2095 Tertulliano,
497 2015 631 2081 Minucio
646 2015 712 2079 Fel.
728 2015 863 2097 aliisque.
899 2016 1077 2100 Priusquam
1094 2025 1191 2078 autem
1209 2016 1283 2078 baec
1299 2011 1378 2073 latins
1391 2027 1451 2098 curq-

278 2106 394 2188 tiusque
412 2124 608 2185 exponamus,
634 2103 693 2166 alin
710 2105 803 2166 oritur
820 2102 950 2166 difficilis
967 2102 1118 2189 quaestio:
1149 2106 1229 2169 unde
1246 2104 1302 2164 hac
1318 2094 1451 2166 calunnia,

279 2195 386 2278 quibus
404 2192 564 2257 Christiani
582 2211 600 2251 a
615 2191 776 2271 gentilibus
793 2191 869 2253 malc
886 2192 1059 2269 audiebant,
1082 2203 1162 2252 ortae
1180 2189 1313 2252 luerint?
1343 2181 1451 2247 Christia-

277 2303 334 2344 uos
352 2279 512 2363 gentilibus
536 2288 691 2359 suspectos
714 2279 824 2355 fuisse,
844 2280 905 2361 jam
931 2301 967 2341 en
986 2298 1020 2339 eo
1039 2279 1118 2353 satis
1136 2298 1288 2361 superque
1309 2269 1451 2348 inteligitur,

278 2371 355 2452 qaod
373 2368 490 2430 Plinius
512 2366 542 2425 in
568 2385 620 2426 eos
644 2366 793 2451 inquirere
812 2377 932 2431 coactus
952 2377 1040 2431 essct.
1078 2367 1218 2447 inprimis
1244 2364 1317 2426 illud
1334 2355 1451 2424 offendisse
1488 2418 1489 2421 ,

277 2456 392 2520 ridetur
408 2451 536 2535 gentiles
553 2463 632 2515 etex
649 2452 696 2515 his
712 2454 865 2518 Romanos
883 2455 1065 2538 praesertim,
1087 2457 1163 2535 qnod
1181 2448 1340 2517 Christiani
1355 2444 1392 2510 rel
1405 2460 1450 2504 res·
1488 2460 1489 2485 1

277 2544 390 2627 pertine
422 2542 468 2604 vel
501 2542 676 2604 antelucano
707 2553 836 2624 temporo
869 2544 1057 2606 convenerint
1088 2553 1116 2604 et
1148 2543 1285 2606 convivia
1316 2529 1450 2620 paraverint

209 2655 215 2662 ·
278 2630 486 2697 Clandestinos
509 2639 605 2691 autem
630 2640 809 2710 conventus,
842 2642 1002 2695 nocturnas
1018 2631 1048 2691 in
1067 2631 1173 2712 templo
1200 2628 1317 2711 vigilias
1338 2622 1450 2696 omnisque

276 2719 397 2801 generis
415 2725 574 2780 nocturnas
598 2718 740 2781 coitiones
756 2720 882 2782 Romani
907 2711 1109 2799 singulsribus
1135 2718 1255 2800 legibus
1273 2711 1450 2797 prohibuerunt·

276 2809 340 2874 Jam
363 2807 431 2886 lege
454 2807 597 2887 quadam,
622 2827 708 2887 quam
726 2828 744 2869 a
762 2806 889 2870 Romulo
909 2807 1052 2871 sancitam
1071 2828 1136 2869 esse
1152 2807 1347 2876 contendunt,
1367 2802 1449 2858 cauli*

278 2904 360 2959 orat:
395 2901 558 2958 Nocturnas
574 2902 605 2958 in
623 2899 723 2975 tanrplo
740 2900 852 2975 cipibus
869 2920 904 2960 ae
919 2900 1036 2960 habento
1046 2898 1084 2970 ⁶).
1122 2894 1268 2957 Similiter
1282 2892 1311 2952 in
1327 2890 1395 2966 legg.
1405 2874 1449 2941 ΧΠ·

279 2984 406 3052 tabular.
423 2991 568 3045 nocturna
585 3002 672 3046 sacra
688 2987 862 3047 damnantur
879 2992 952 3048 testc
971 2984 1115 3047 Cicerone
1124 2983 1176 3059 **).
1200 2983 1300 3047 Verba
1315 2983 1377 3038 snut
1389 2972 1450 3030 naec:

276 3075 423 3136 Nocturna
440 3074 584 3135 aradiorum
599 3073 741 3149 sacrificia
757 3095 791 3133 ac
814 3085 914 3147 errato,
940 3082 1049 3156 practer
1067 3073 1140 3153 olla,
1164 3093 1236 3153 qrrne
1253 3090 1303 3151 pro
1318 3063 1404 3148 populo
1415 3057 1449 3113 [Ἀθ
1487 3125 1488 3130 ,

275 3162 358 3237 liunt.
392 3159 505 3221 Eodem
531 3161 615 3224 modo
638 3160 697 3226 alia
720 3159 787 3238 lege
811 3161 852 3223 ita
877 3172 993 3224 cautum
1018 3161 1082 3220 esi:
1114 3163 1148 3219 Si
1171 3169 1237 3239 quis
1257 3164 1288 3219 ia
1310 3154 1368 3215 arbe
1387 3149 1449 3207 nnat
1487 3149 1488 3158 ’

275 3259 426 3310 mmmm
446 3253 592 3323 opimam,
617 3250 722 3326 capitol
738 3258 807 3308 esto.
844 3249 932 3325 Quod
957 3256 988 3310 et
1010 3247 1079 3326 lege
1096 3239 1227 3308 Gabinia
1251 3252 1294 3307 est
1315 3233 1448 3327 repetitur:¹

279 3340 333 3408 Qui
348 3340 478 3396 coitiones
495 3336 571 3393 rrlloe
586 3336 776 3394 clandestinus
791 3340 820 3395 in
836 3338 902 3396 arbe
917 3336 1101 3412 continuisset,
1124 3356 1200 3397 more
1219 3336 1351 3413 aroy'orrnn
1366 3312 1449 3401 will*

274 3423 412 3503 sapphicis
430 3419 671 3499 narraretur**·).
703 3419 831 3484 Flebant
850 3422 926 3488 enim
943 3422 1087 3505 ejusmodi
1104 3431 1266 3484 noeturnae
1284 3414 1405 3480 coitiones
1417 3395 1446 3461 tt!

275 3510 312 3576 aa
337 3508 483 3572 ineundas
508 3506 650 3589 passimus
675 3508 911 3592 conjurationes,
939 3521 971 3574 ut
992 3509 1021 3572 in
1039 3509 1278 3574 Bacchanalibus
1292 3503 1447 3567 incernam

274 3596 367 3660 refert
381 3595 486 3662 Liuius
502 3591 555 3670 39,
574 3601 604 3660 8.
628 3595 674 3660 rel
692 3599 728 3664 ad
751 3599 877 3679 magiam
901 3598 946 3661 vel
972 3597 1097 3678 denique
1118 3600 1154 3662 ad
1172 3597 1319 3666 libidinem
1340 3594 1447 3650 named·

213 3715 217 3728 ·
274 3688 350 3748 darn.
384 3684 467 3747 Unde
483 3683 595 3747 Paulos
611 3685 744 3748 Sentent.
761 3688 792 3750 5.
817 3687 859 3750 tit.
876 3687 938 3750 dd:
973 3690 1127 3761 Quianam
1146 3665 1448 3768 imptononoroctalf

274 3776 394 3856 aliquam
409 3774 602 3847 occursarent,
627 3774 787 3856 depipercnt,
811 3777 926 3852 (emant
950 3775 1114 3858 [ocmndocc
1139 3779 1308 3843 coronarint,
1332 3772 1376 3834 atil
1396 3767 1446 3816 ena

273 3861 446 3939 sufficentiae
465 3872 516 3924 out
541 3863 635 3925 barath
648 3864 826 3939 ὠρὶοὶσηιυτ.
850 3863 963 3926 Eodem
981 3881 1072 3926 senen
1087 3864 1279 3930 decreuerunt
1294 3849 1446 3934 inperante

274 3945 500 4013 Valentinianus
518 3957 546 4009 et
563 3947 728 4030 Valene†).
767 3951 852 4027 Quae
870 3970 936 4011 corn
959 3949 1000 4013 ita
1021 3949 1098 4031 sint,
1121 3950 1212 4030 laclia
1233 3948 1361 4031 apparel,
1382 3937 1457 4012 lim*

274 4048 436 4102 nocturnae
454 4034 688 4101 Christianorum
706 4037 850 4100 coitiones
867 4037 1011 4101 Romanis
1028 4049 1184 4121 suspectae
1207 4034 1313 4102 fuerint
1334 4036 1359 4092 et
1371 4027 1445 4104 μῆν’

336 4310 444 4446 affl·
455 4313 584 4447 geiglirmi
605 4314 637 4436 a9d
655 4311 829 4450 15h02=lornub
847 4307 897 4366 lib.
917 4312 987 4370 vttl.

231 4446 234 4454 '
340 4446 404 4532 m).
419 4450 472 4504 (lla.
494 4419 548 4504 leo..
569 4417 793 4506 (iotholmhdus'ad
810 4452 864 4506 Lb.
883 4451 944 4505 ΧΗ.
963 4453 1019 4525 tqb.
1039 4454 1065 4506 iu
1084 4454 1148 4512 loni.
1166 4453 1220 4528 jur.
1236 4453 1289 4512 cit·
1306 4461 1329 4516 P·
1348 4431 1396 4494 ¹4³¹

342 4519 376 4586 †)
396 4534 423 4572 rn
442 4518 505 4573 Ccd.
525 4518 624 4577 Theod.
643 4523 675 4576 de
695 4521 783 4577 malci.
805 4522 980 4577 etmalihcis.
1001 4522 1020 4576 1.
1033 4522 1099 4577 vn.
