3067 5075
296 284 359 351 ‚ds
375 280 482 348 ceteris
497 277 572 347 scel.
588 281 668 345 eires
682 268 866 362 poenitentes
881 277 994 363 rigon.
1201 283 1267 350 Μ

73 458 118 518 bus
132 455 227 535 lapsos
244 455 408 535 addixerat,
425 459 479 521 bas
494 459 531 521 ad
546 455 726 540 cyprianum
743 430 880 519 uorans
892 452 990 517 luisse
1003 453 1115 520 literne.
1140 456 1269 523 Bssdeu

73 543 145 605 etiam
167 553 243 621 patet
259 553 329 605 ante
353 565 436 608 oenc.
453 544 688 625 carthaginense
705 544 744 607 ΙΙ.
761 542 888 625 scriptas
904 542 1009 620 luisse,
1029 544 1116 624 quin,
1139 544 1267 610 coneilio

71 629 154 691 bebito
171 629 349 713 cenditoqne
368 634 404 694 de
422 632 515 713 lapsis
533 631 711 713 recipiendis
729 632 847 693 decreto
865 628 1000 713 publico,
1021 651 1115 712 qnare
1130 650 1268 696 auncu-

71 738 116 797 que
133 717 305 795 dubitarent,
329 738 449 781 consano
470 720 618 784 lrabebant
635 718 724 800 plane
742 718 863 780 nullasu.
903 716 1038 780 Ceterum
1056 719 1082 780 F
1084 730 1217 783 ennean
1239 730 1268 784 st

71 804 197 884 episeopis
221 805 346 886 reliquis
365 808 531 888 Cyprianus
557 810 594 870 ad
614 806 814 887 quaestionem
837 803 897 865 sibi
916 806 1093 887 propositam
1116 809 1269 889 respondit

69 891 191 971 peculiari
206 892 295 973 epist.
307 895 359 971 bb,
376 914 462 974 quam
478 894 555 955 iuter
570 893 663 976 prima
679 893 840 974 paschatos
851 891 986 954 solennia
997 894 1066 954 anni
1079 894 1213 975 ejusden
1224 896 1267 959 52

69 998 143 1058 supra
164 979 396 1043 ducentesimum
417 981 554 1062 scripturn
578 982 683 1058 fuisse,
704 980 736 1042 in
758 981 919 1042 Acoeten·
937 984 1110 1060 wpdenids
1131 980 1267 1045 sniuiad-

67 1065 137 1127 rortit
150 1067 339 1131 Pearsenius.
357 1073 401 1114 -'
417 1067 445 1150 ξ.
463 1070 513 1131 13.
538 1069 698 1145 Trabeade
716 1087 787 1130 rere
807 1078 869 1130 erat
890 1066 981 1148 lrujus
1003 1068 1112 1130 decreti
1131 1068 1266 1152 aequites

68 1163 159 1214 tautum
176 1157 212 1215 an
225 1176 292 1231 eos,
313 1156 362 1236 qui
381 1155 477 1219 statirn
494 1177 512 1219 a
528 1157 619 1236 priene
635 1155 740 1237 lapsus
756 1154 803 1217 sni
819 1154 867 1216 die
883 1153 981 1233 signis
997 1155 1150 1236 quibusvis
1166 1169 1266 1220 enter·

67 1241 105 1300 nis
119 1256 197 1302 sunm
215 1246 252 1303 eb
271 1242 381 1306 crimen
399 1244 588 1306 commissum
605 1243 695 1305 animi
711 1239 842 1304 dolerent
860 1242 956 1303 testati
972 1241 1098 1305 fueraut.
1144 1244 1196 1323 lis,
1215 1245 1267 1327 qui

67 1326 251 1406 poenitentiam
278 1351 369 1410 agere
386 1341 414 1392 et
430 1331 594 1406 lamentari,
617 1350 653 1392 ao
669 1329 825 1391 Dominum
842 1328 992 1407 deprecari
1010 1350 1029 1391 a
1051 1330 1143 1411 prinae
1161 1333 1266 1413 lapsos

66 1414 102 1474 sui
116 1415 157 1476 die
174 1437 231 1478 non
248 1417 434 1496 destiterunt,
451 1438 553 1499 pacem
568 1419 693 1479 dandam
712 1437 779 1479 esse
797 1414 964 1495 Cyprianus
978 1423 1130 1482 statuerat.
1163 1419 1264 1498 Quare

67 1499 136 1562 lacer
157 1501 238 1565 illius
265 1503 468 1568 extendendus
486 1526 545 1567 uon
571 1514 633 1573 nat
656 1506 693 1566 ad
718 1514 887 1584 apostatas,
915 1502 964 1583 qui
988 1505 1026 1564 ad
1047 1504 1198 1583 seculuro,
1227 1508 1266 1568 nel

67 1607 180 1668 ponpam
203 1593 368 1655 satanicam
389 1603 416 1655 et
439 1589 492 1655 illa
516 1592 625 1656 diaboii
649 1611 749 1672 opera,
775 1589 882 1671 quibus
906 1588 936 1649 iu
961 1590 1081 1653 loedere
1100 1592 1267 1674 baptismali
1304 1582 1318 1611 '

68 1677 301 1756 renunciaverant,
321 1691 511 1757 revertentes,
530 1679 617 1743 ritaru
634 1696 811 1759 nuncusque
827 1677 957 1756 agebant
972 1676 1088 1740 hunnine
1105 1680 1265 1743 christiano

65 1759 204 1841 indignare.
250 1767 356 1847 Neque
379 1768 416 1830 ad
440 1787 504 1845 eos,
529 1769 577 1849 qui
597 1766 735 1830 societate
755 1763 911 1828 haereticis
926 1764 1021 1846 juncti
1044 1779 1265 1851 sacrosauqtsur

66 1845 120 1909 idei
148 1852 325 1916 christianae
353 1855 513 1917 doctrinam
540 1854 690 1917 erroribus
715 1854 962 1932 conspuroabant.
1007 1853 1167 1936 Utrumque
1190 1852 1265 1918 illud

66 1933 193 2015 lapsorum
209 1961 319 2021 genus,
343 1944 420 2022 quod
439 1945 476 2004 ab
494 1940 622 2003 ecclesia
639 1948 807 2020 separatum
822 1936 935 2013 baberi,
955 1940 1094 2018 quamdiu
1110 1963 1168 2004 non
1184 1943 1265 2005 resi·

64 2021 179 2100 piscaret,
196 2028 327 2091 nennium
345 2030 487 2091 bonerum
504 2030 655 2105 intererat,
673 2025 841 2108 Cyprianus
858 2025 1009 2086 abborruit
1026 2026 1111 2108 epist.
1128 2030 1180 2102 ot,
1196 2038 1265 2094 tan-

65 2114 213 2192 creancet,
231 2126 262 2177 ut
279 2118 383 2178 eodem
398 2115 473 2180 illud
491 2135 556 2177 euru
572 2115 610 2177 iis
624 2115 692 2195 jure
707 2113 838 2192 gaudere
855 2111 987 2188 volucrit,
1003 2114 1052 2194 qni
1068 2113 1130 2176 sere
1146 2115 1264 2178 triennii

65 2198 221 2273 poenitentia
248 2203 391 2280 cruciati,
423 2203 550 2285 austeris
579 2200 702 2284 jejuniis
724 2206 754 2261 et
775 2197 888 2279 sigiliis
915 2218 1023 2280 corpus
1057 2202 1093 2263 erl
1124 2200 1263 2266 instantis

65 2285 312 2375 proeliipeertunren
330 2290 536 2372 cruciatusque
552 2287 672 2351 facilius
689 2286 858 2350 tolerandos
874 2285 1091 2352 indurareraut.
1112 2325 1149 2336 -
1169 2288 1198 2374 §.
1213 2289 1265 2356 14.

65 2369 115 2431 Neo
133 2396 216 2455 porro
242 2381 446 2441 extendendus
467 2388 529 2439 erat
553 2375 662 2440 decreti
680 2375 764 2436 farer
789 2374 825 2435 ad
851 2393 912 2451 eos,
937 2373 986 2455 qni
1009 2375 1166 2456 plurimum
1187 2383 1263 2442 eltae

65 2473 123 2521 onae
139 2471 246 2547 tenpus
262 2467 296 2538 in
315 2466 419 2549 queris
444 2462 673 2527 incontinentiae
691 2468 720 2524 ut
735 2459 868 2523 libidinis
885 2481 995 2542 genere
1013 2462 1135 2526 volutati
1151 2475 1180 2527 et
1196 2476 1264 2530 tan·

64 2544 114 2607 den
128 2548 289 2617 infirmitate
307 2554 443 2635 correpti,
463 2574 529 2615 curn
546 2553 606 2634 jorn
632 2549 714 2613 morti
732 2548 822 2612 ricini
839 2558 948 2626 essent,
974 2552 1179 2632 poeniteutiam
1196 2555 1264 2617 ani·

66 2631 143 2714 nique
160 2640 380 2704 couversionem
400 2640 590 2703 simulabant.
634 2644 808 2700 &samntio
824 2658 899 2709 sero,
917 2659 985 2699 raro
1001 2659 1078 2718 ean,
1101 2640 1199 2703 tritura
1218 2651 1264 2705 est

64 2735 178 2788 sermono
196 2728 395 2809 proverbium.
440 2727 517 2789 Hinc
535 2726 621 2788 etiam
641 2734 812 2806 peccatores
828 2725 1103 2804 adeopraelraetos
1121 2736 1149 2788 et
1166 2728 1263 2790 obsti-

64 2817 148 2889 natos,
169 2836 240 2895 ques
265 2837 368 2898 paoem
389 2821 505 2896 petere,
529 2833 587 2876 nen
607 2812 683 2874 ritae
704 2821 857 2873 anteactae
874 2811 1068 2894 abominatio,
1096 2816 1147 2876 sed
1168 2814 1263 2876 urorbi

63 2889 276 2973 ingravescentis
303 2901 466 2985 periculum
491 2898 704 2980 compellebat,
736 2898 949 2960 communionis
972 2900 1070 2977 gratie
1094 2901 1262 2982 Cyprianus

63 2982 238 3056 prohibendos
256 2991 376 3052 omnino
396 2988 525 3064 censuit,
559 2987 689 3049 alienum
712 2983 776 3045 lore
801 2994 883 3070 ratus
902 3005 921 3046 a
937 3006 998 3048 sec.
1020 2985 1068 3048 sui
1092 2987 1262 3069 disciplina,

63 3081 148 3141 Preces
170 3096 268 3141 eorum
288 3076 392 3153 audiri,
419 3077 469 3158 qni
488 3072 635 3137 eeclesiae
658 3071 762 3134 iterum
781 3070 945 3153 iterumque
964 3073 1108 3136 nronentis
1126 3075 1262 3138 animod-

62 3155 226 3228 rersionibus
258 3176 288 3229 et
312 3164 447 3227 censuris
472 3164 568 3225 locnnr
594 3159 759 3240 relinquere
784 3156 956 3237 noluerant,
982 3170 1033 3223 ant
1058 3160 1095 3222 iis
1120 3161 1150 3222 in
1169 3172 1261 3227 morte

63 3241 202 3329 subreniri,
224 3252 274 3335 qui
300 3251 367 3315 sani
384 3261 412 3313 et
434 3250 599 3312 incolumes
618 3247 775 3309 moritnr'os
792 3266 825 3308 se
848 3266 915 3310 esse
932 3247 982 3309 rix
1000 3268 1126 3330 unquam
1144 3250 1261 3332 cogite-

62 3342 156 3397 rernnt.
197 3339 243 3401 lle
273 3338 311 3402 iis
338 3340 399 3422 jare
424 3348 491 3400 ante
526 3335 618 3400 literis
643 3338 680 3397 ad
706 3333 902 3397 Antonianum
929 3335 961 3395 in
985 3336 1061 3399 bauo
1087 3338 1261 3402 sententiern

63 3416 219 3497 scripserat:
236 3430 344 3489 ldeiroo
361 3429 558 3506 poenitentiam
572 3445 628 3485 noer
645 3432 756 3501 aponus
771 3443 819 3484 neo
834 3425 956 3485 dolerem
973 3426 1132 3488 delictoront
1147 3447 1263 3490 snorum
1363 3461 1366 3462 ⁷

39 3508 44 3518 ‘
62 3506 106 3563 itio
121 3512 196 3571 eorde
211 3524 237 3575 et
254 3515 407 3591 manifesto
423 3515 633 3574 lomentetioois
649 3531 717 3572 enee
732 3511 906 3589 professione
920 3521 1061 3585 testantes,
1080 3516 1263 3591 probibendus

62 3598 156 3656 noaino
171 3607 326 3672 censuimus
342 3624 361 3664 e
377 3621 427 3680 spe
444 3603 702 3660 communicationis
719 3602 849 3675 ripaeis,
867 3602 893 3658 si
911 3603 941 3657 in
959 3598 1121 3673 infirmitate
1136 3609 1218 3679 nque
1231 3607 1263 3661 in

62 3682 166 3747 petrola
182 3695 317 3770 ceperim
333 3692 487 3769 dwreeeri.
505 3720 550 3731 —
574 3682 602 3765 b.
623 3683 672 3745 lb.
697 3680 830 3762 Maiores
853 3684 891 3744 nd
913 3680 1063 3745 lenitatem
1082 3704 1262 3764 progressus

62 3755 86 3817 ln
104 3765 236 3837 dlrieana
255 3774 330 3838 eccl.
350 3772 490 3857 Cypriani
516 3780 611 3834 aetate
642 3788 700 3829 non
731 3767 833 3829 babuit
860 3769 1016 3852 disciplina
1048 3768 1263 3836 ecelesiastica.

63 3842 99 3907 llo
118 3852 173 3932 jeu
195 3859 325 3925 leuitatis
348 3882 384 3925 eo
408 3862 619 3934 descenderat,
646 3867 677 3918 ut
701 3854 910 3937 poenitentium
934 3857 1059 3936 nomini,
1086 3880 1262 3946 quocunrpre

63 3938 162 4004 laudern
178 3945 229 4011 ille
248 3948 368 4012 c'rirnine
384 3947 543 4024 laboraret,
567 3954 636 4026 post
651 3942 860 4024 poeniteutiam
876 3948 1014 4024 neganda
1032 3957 1112 4009 esset
1130 3970 1263 4011 conruu-

64 4017 113 4099 uio‚
134 4029 189 4093 nisi
212 4035 262 4115 iis,
291 4037 339 4119 qui
364 4037 394 4098 in
414 4055 500 4098 omne
523 4032 701 4114 flagitiorum
725 4049 824 4111 genos
842 4032 1019 4114 praecipites
1042 4034 1212 4099 serebantur
1235 4044 1265 4098 et

64 4111 163 4202 landem
179 4119 209 4182 in
226 4135 317 4187 morte
333 4123 476 4187 facilitate
493 4118 640 4184 ecclesiae
654 4119 845 4182 immoderate
857 4121 942 4182 abuti
955 4120 1101 4185 nolebant.
1125 4123 1184 4185 niu
1199 4142 1263 4184 unos

63 4190 105 4256 rlle
119 4214 244 4274 retentus
265 4212 323 4274 luit
344 4212 374 4273 in
393 4208 513 4286 Africa3
538 4208 606 4269 inde
630 4206 662 4267 in
684 4205 761 4270 alias
784 4205 928 4271 ecelesias
953 4209 1069 4272 transiit
1093 4215 1123 4270 et
1145 4211 1264 4272 tandem

63 4295 115 4347 see.
139 4299 273 4375 sequenti
299 4298 402 4364 lV.'in
430 4316 513 4359 cone.
538 4291 698 4358 Arelatenti
722 4293 746 4355 l.
772 4295 895 4359 canonis
920 4297 1103 4359 autoritroeur
1128 4294 1263 4362 obtinuit.

62 4363 158 4438 lerum
174 4401 232 4447 nun
255 4385 297 4450 ita
316 4384 408 4448 multo
426 4391 508 4466 post,
536 4382 654 4446 mutatis
678 4379 826 4445 eeclesiae
848 4385 957 4462 rebus,
982 4385 1038 4446 snb
1054 4381 1263 4462 imperatorum

63 4451 269 4537 obsistiaueruru
291 4472 436 4555 regimine
451 4469 541 4552 hujus
557 4469 644 4534 etiarn
667 4467 744 4551 legis
761 4470 896 4550 mibgata
913 4470 970 4534 luit
986 4467 1130 4533 severitas
1147 4481 1176 4535 et
1190 4471 1263 4535 uni-

107 4557 166 4611 m·
177 4572 279 4628 Qquid.
290 4575 363 4620 christ.
375 4574 406 4618 Π.
416 4583 440 4622 2·
913 4620 917 4628 ,
1020 4573 1062 4638 19
