3067 5075
319 268 356 331 de
372 268 480 333 veteris
494 267 570 334 ecel.
586 270 665 333 ciros
680 269 863 350 poenitentes
878 267 991 351 rigore.
1202 273 1266 339 eol

52 442 171 527 perieris
194 443 266 509 neri
290 445 434 508 dectores.
474 444 654 508 Reioruntur
676 445 849 527 plerumque
873 448 911 507 ad
935 444 1122 527 disciplinam
1146 467 1207 512 sec.
1229 452 1268 512 nd

52 531 132 595 tinem
154 532 316 612 'vergentis
331 532 383 595 lll.
429 534 488 613 Qui
506 533 551 596 sic
576 544 724 612 statuunt,
748 553 823 595 sune
838 534 1001 596 sententiae
1024 547 1197 614 argumenta
1213 538 1268 599 de-

54 619 241 702 prehendisse
268 619 326 681 sibi
349 621 487 683 ridentur
507 622 538 683 iu
570 621 707 703 Gregorii
736 622 952 701 'l'bnumaturgi
978 626 1095 702 epistole
1123 632 1268 700 cononice,

54 728 121 790 quae
136 705 188 769 'illi
213 707 372 784 tribuitur,
404 712 437 771 de
462 715 634 773 Peenitentin
658 717 820 791 Leprosum
842 710 965 790 ejusque
989 732 1052 771 ena.
1077 717 1133 773 xt.
1181 712 1268 775 Omni

54 808 140 858 tamen
157 796 338 876 exceptione
354 797 447 879 major
462 817 520 857 non
537 807 583 859 est
600 818 699 859 eorum
718 797 873 873 sententie,
892 797 1121 878 disceptantibus
1138 799 1215 861 inter
1233 820 1267 862 se

55 884 182 963 eruditis,
206 904 249 945 nu
265 885 332 965 ipsa
349 883 506 965 Gregorii,
532 905 569 945 an
586 885 684 948 aliene
701 905 790 947 mnuu
805 884 853 945 hic
869 905 981 962 ennon,
1004 885 1132 946 omnium
1151 894 1269 967 postre-

54 992 127 1048 nus,
150 971 292 1053 adjectus
314 973 404 1034 luerit
427 972 591 1053 epistolaei
626 974 671 1036 ux
695 973 758 1035 aeri
778 972 950 1053 posterioris
967 972 1123 1053 disciplina
1143 978 1267 1037 eundem

55 1057 188 1139 epistolae
206 1060 393 1137 necessisse,
418 1060 566 1122 existimat
582 1061 632 1122 Du
646 1060 701 1122 Pio
725 1062 872 1138 (Biblioth.
900 1064 948 1121 dea
965 1066 1087 1122 Autcurr
1105 1066 1268 1126 Ecclesium.

55 1154 76 1210 l.
93 1170 119 1227 p.
137 1148 247 1224 teu),
274 1150 351 1228 quod
369 1147 471 1228 etjam
491 1158 560 1210 oute
582 1169 648 1211 eum
674 1152 814 1210 docuerat
836 1149 941 1211 loann.
959 1147 1112 1224 Morinos,
1136 1150 1185 1229 qui
1202 1157 1269 1231 post

54 1234 181 1296 haeresin
199 1236 323 1296 nonnisi
340 1236 569 1298 Noratianorum
590 1244 715 1318 quatuor
736 1232 806 1297 illos
827 1235 1022 1316 poenitentiae
1040 1235 1179 1316 publicos
1195 1258 1268 1315 prn-

57 1323 104 1383 dus
129 1322 158 1382 in
191 1322 355 1385 ecelesiam
387 1324 567 1385 introductos
593 1324 705 1396 luisse,
736 1333 820 1384 autor
843 1322 928 1383 nobis
951 1330 996 1383 est
1026 1323 1074 1404 (de
1095 1331 1269 1388 Poeniuntiu

56 1408 139 1487 t‚2.).
158 1408 222 1471 Sed
241 1429 328 1472 suam
347 1410 481 1491 relinquo
496 1411 655 1492 unicuique
672 1409 855 1473 sententiam.
882 1409 944 1471 Res
963 1406 1045 1471 clnra
1062 1421 1107 1472 est
1120 1412 1268 1474 omnium-

59 1517 105 1577 que
121 1497 211 1559 evicta
230 1499 409 1576 testimonio,
426 1496 488 1578 legi
504 1500 559 1560 hos
577 1508 701 1580 quatuor
715 1497 913 1580 poeniteutiae
929 1498 1040 1576 gradus
1056 1498 1086 1558 iu
1103 1499 1268 1561 canonibus

58 1585 246 1664 conciliorum,
275 1606 350 1666 quae
368 1586 514 1649 celebrate
532 1587 653 1648 luerunt
669 1605 729 1649 see.
747 1609 776 1667 p.
796 1585 866 1648 cnr.
886 1584 947 1661 lv,
965 1583 1141 1665 scrupulose
1161 1586 1268 1648 distin-

60 1681 121 1734 ctos.
157 1672 226 1735 Huc
251 1673 368 1735 iaciunt
389 1674 441 1735 illn
464 1676 629 1755 Ancyrani,
653 1674 794 1749 Nicaeni,
818 1672 979 1734 Laodiceni
1005 1672 1195 1735 conciliorum
1213 1677 1273 1736 de*

61 1770 135 1821 creta.
168 1759 313 1822 canones
338 1781 457 1843 quoque
473 1761 616 1825 Basilisci
634 1763 664 1823 iu
682 1762 733 1824 illa
750 1763 788 1823 nd
805 1759 1038 1841 Amphilochium
1057 1759 1182 1841 epistola
1198 1762 1269 1823 illo-

59 1867 112 1909 rum
133 1849 312 1910 mentionem
336 1850 479 1911 interdum
505 1850 647 1930 prolixam
672 1849 815 1931 injecisse
839 1848 954 1909 dicendi
978 1855 1056 1909 sunt.
1090 1883 1133 1893 —
1168 1848 1196 1931 ᾗ.
1216 1850 1267 1913 14.

61 1934 159 1995 Primus
176 1948 279 1997 notem
300 1946 327 1998 et
340 1935 461 1998 intimus
478 1936 595 1998 illorum
616 1951 677 1998 erat
693 1926 918 2019 πρόσκλανσις,
941 1934 1010 1994 hino
1026 1936 1268 2016 προσκλαίσντες

62 2022 131 2099 dicti,
155 2027 203 2104 rpui
222 2026 305 2085 hene
321 2025 475 2087 stationem
492 2024 675 2106 poenitentes
695 2022 946 2103 ingrediebantur.
984 2013 1101 2091 Στάσις
1117 2042 1217 2083 eorum
1234 2022 1266 2083 iu

63 2124 119 2171 area
139 2122 199 2173 erat
223 2109 337 2192 templo
362 2112 502 2192 contigue
518 2132 543 2175 s.
560 2106 762 2193 προπυλαῖῳ,
787 2111 863 2189 quod
890 2108 1012 2187 primum
1030 2109 1265 2187 ingredientibus

62 2198 170 2276 patebat.
205 2199 346 2262 Meminit
369 2200 458 2282 hujus
476 2204 586 2280 gradus
604 2219 701 2261 onnon.
722 2203 778 2258 Xl.
798 2199 931 2276 epistolae
949 2194 1071 2274 Georgii
1089 2195 1218 2259 'l'haunn
1234 2200 1268 2258 de

65 2289 203 2364 hepterem
225 2294 415 2367 poenitentia:
440 2283 487 2346 ‘H
505 2274 715 2368 πρόσκλαυσις
738 2280 799 2356 ἔξω
822 2281 879 2362 τῆς
901 2276 1004 2361 πύλης
1021 2280 1079 2342 coi
1099 2276 1267 2362 εῧκτηρίου
1362 2298 1367 2305 “

64 2367 126 2432 lori.
161 2373 218 2450 Qui
245 2396 288 2437 ex
304 2375 523 2455 poenitentibus
540 2375 615 2435 hauc
631 2372 786 2435 stationem
811 2368 1069 2449 ingrediebantur,
1095 2389 1180 2431 suam
1199 2372 1267 2451 qui-

65 2457 162 2537 busris,
186 2482 268 2544 qunc
285 2482 392 2524 sensns
410 2472 546 2524 externos
562 2461 725 2534 feriebant,
744 2458 951 2541 poenitentiam
970 2456 1118 2540 animique
1135 2457 1267 2519 dolorem

66 2547 275 2627 profitebantur,
299 2550 417 2632 lugubri
436 2563 516 2613 reste
532 2551 641 2626 induti,
668 2548 751 2630 proni
768 2548 798 2607 ia
816 2555 921 2608 terram
938 2546 1045 2628 abjecti
1062 2567 1126 2608 curu
1145 2546 1267 2625 gemitu,

68 2634 147 2697 onere
163 2645 191 2699 et
207 2638 311 2700 cilicio
329 2639 489 2718 sordidati,
511 2637 602 2700 effusi
613 2641 643 2699 in
663 2636 825 2718 lacrymas,
841 2634 872 2694 iu
889 2634 1028 2715 squalore
1045 2642 1073 2694 et
1089 2634 1180 2711 luctu,
1198 2655 1267 2695 eor-

67 2724 243 2799 poreiuculto
269 2739 297 2788 et
312 2748 432 2808 prorsus
449 2726 584 2805 neglecto
608 2723 733 2807 ejusque
758 2733 818 2785 toto
836 2721 938 2783 habitu
955 2724 991 2782 ad
1011 2724 1169 2782 movendos
1188 2720 1268 2782 alio·
1319 2727 1322 2733 '

67 2828 118 2870 mm
133 2812 253 2877 allectus
275 2817 446 2896 composito.
492 2813 646 2895 Lugubris
671 2812 760 2894 huJ'us
787 2808 921 2871 stationis
947 2827 1103 2870 aerumnas
1128 2807 1269 2871 describit

68 2893 242 2983 Hieronymus
262 2926 307 2984 ep.
323 2900 367 2966 30
384 2906 421 2965 ud
441 2906 591 2965 Oceanum.
630 2900 752 2961 Praeter
774 2899 847 2959 heee
870 2915 904 2957 se
921 2896 1052 2957 oriminis
1078 2916 1146 2957 reos
1170 2895 1267 2977 palem

69 2984 269 3068 ponebantur,
287 2989 388 3052 fideles
405 3009 521 3072 quoque
537 2990 574 3050 ed
591 2987 716 3069 synaxin
733 2984 957 3059 convenientes,
974 2992 1007 3044 ut
1025 3005 1076 3063 pro
1091 3004 1125 3045 se
1140 3003 1268 3063 precen-

70 3080 112 3147 tur,
125 3075 218 3138 humili
237 3095 329 3182 prece
347 3079 576 3140 obtestabantur.
608 3075 653 3137 lta
671 3074 747 3136 cuim
762 3071 928 3150 Gregorius
947 3070 965 3131 l.
983 3069 1022 3133 lt
1048 3069 1132 3131 ἔνθα
1147 3067 1268 3130 ἑστῶτα

70 3146 113 3217 τὸν
132 3156 348 3246 ἆμαρτανσντα
375 3153 433 3250 χρὴ
459 3162 523 3224 τῶν
548 3151 710 3225 εἰσιόντων
733 3155 867 3222 δεῖσθαι
888 3156 1024 3234 πιστῶν,
1053 3152 1134 3239 ὑπὲρ
1166 3151 1276 3245 αὐτοῦἱ

71 3235 211 3325 riperto.
255 3254 392 3315 'leudem
408 3252 537 3332 separati
554 3261 652 3327 crant,
679 3270 764 3331 quam
783 3248 834 3309 diu
851 3246 960 3308 crimen
977 3245 1007 3307 in
1025 3244 1080 3307 hoe
1097 3246 1193 3324 gradu
1211 3246 1266 3305 de-

71 3329 171 3414 lebant,
194 3344 231 3403 ab
263 3341 340 3403 omni
365 3341 489 3403 aliorum
506 3339 699 3416 commercio,
723 3336 893 3398 societatem
918 3353 984 3394 coru
1009 3334 1048 3394 iis
1073 3334 1147 3394 inire
1171 3331 1266 3410 usias,

70 3432 196 3495 praeterea
212 3449 352 3492 manuum
369 3427 556 3510 impositione
572 3431 609 3490 nb
629 3428 767 3507 episeopo
787 3422 865 3484 iacta
883 3421 998 3501 indigni
1013 3422 1196 3483 habebantur
1211 3441 1268 3482 ue·

72 3525 116 3584 que
131 3531 244 3591 preeunt
265 3528 347 3580 eraut
363 3517 522 3598 participes
540 3516 696 3578 reclusae
712 3532 802 3593 super
816 3529 868 3572 eos
892 3510 1058 3584 orntiones3
1082 3511 1133 3570 sed
1153 3519 1184 3569 ut
1199 3527 1268 3569 rere

72 3599 231 3670 poenitentes
256 3606 457 3686 contritosque
480 3624 531 3666 eos
556 3604 706 3678 redderet,
731 3600 757 3661 si
781 3618 866 3678 quem
888 3596 1062 3657 mentionem
1086 3595 1115 3654 iu
1139 3592 1268 3673 publicis

74 3684 189 3758 rudius
206 3714 306 3756 eorum
323 3694 464 3777 injiceret,
481 3694 576 3754 Deum
595 3692 698 3751 orabat
714 3685 852 3749 ecclesia.
886 3684 929 3746 Ae
944 3671 1162 3763 προκλαύσεως
1179 3681 1267 3763 hujus

75 3776 216 3854 tltmplum
237 3785 381 3863 quondam
398 3780 531 3844 Natalem
558 3774 692 3841 nonnulli
714 3773 844 3851 faciunt,
869 3770 991 3853 primum
1017 3768 1172 3849 religionis
1194 3789 1267 3830 eou-

75 3852 212 3945 ftttmern,
234 3881 339 3950 postea
359 3868 630 3931 Theodotianorum
649 3863 804 3927 lraudibus
822 3869 850 3921 et
866 3858 1008 3940 pecunie,
1034 3868 1182 3919 uteorum
1201 3856 1267 3937 epi-

76 3958 167 4026 tttpus
182 3969 346 4034 crearetur,
363 3957 531 4033 inductum,
551 3957 665 4017 tnudem
684 3949 816 4014 criminis
832 3947 909 4009 serio
929 3944 1139 4027 poenitentem,
1156 3948 1192 4007 de
1209 3966 1267 4025 quo

77 4026 203 4104 lustin
217 4043 287 4107 hist.
306 4045 379 4108 ecel.
394 4042 425 4122 5,
443 4047 494 4107 28.
518 4077 563 4091 --
592 4040 620 4124 h.
637 4043 688 4104 ld.
707 4038 844 4102 Ceterum
861 4055 946 4116 quant
962 4035 1116 4115 prneclarn
1133 4034 1219 4095 ctiam
1235 4031 1267 4091 iu

77 4112 122 4179 lit
140 4130 259 4196 statione
284 4134 379 4196 cordis
407 4131 521 4195 contriti
539 4130 628 4211 sigua
655 4132 787 4206 ederent,
813 4135 909 4187 tarum
927 4123 1005 4184 hunc
1021 4124 1144 4203 gradum
1161 4117 1265 4201 poeni»

79 4209 167 4273 tint„
185 4219 299 4284 nonnisi
318 4223 440 4303 januam
466 4230 495 4283 et
515 4213 761 4300 rrpoouholorcnc
783 4210 979 4296 poenitentiae
1004 4210 1175 4272 candidatos
1200 4225 1267 4268 esse
1367 4263 1370 4266 a

79 4292 190 4377 limat,
207 4316 313 4371 tantum
330 4313 430 4385 nbest,
453 4319 485 4370 ut
499 4308 529 4367 irr
545 4304 753 4387 poenitentium
771 4302 872 4364 ordine
889 4320 940 4362 eos
957 4299 1113 4360 habuisset
1129 4293 1268 4358 ccclesia.

80 4372 136 4442 ldeo
150 4388 228 4455 etiem
243 4395 358 4460 infimae
373 4397 461 4478 hujus
477 4394 613 4456 stationis
637 4411 695 4454 uon
712 4390 905 4452 meminerunt
919 4388 1022 4449 Pntres
1043 4385 1072 4445 in
1089 4382 1221 4445 Nioneuo
1239 4392 1269 4445 et

82 4462 215 4554 hildim
235 4485 384 4564 eonciliisp
413 4489 448 4547 de
471 4484 693 4566 hyemantibus,
717 4478 768 4565 qui
792 4475 917 4542 Graecis
947 4463 1158 4558 χειμαζόμενοι
1181 4477 1267 4533 extra
