3067 5075
407 249 445 311 de
458 244 616 313 exoreleed
631 240 747 331 odgine
764 256 793 312 et
808 247 977 316 motatione.
1239 248 1301 319 161

74 427 152 490 bend
169 442 252 488 sane
269 421 430 489 difficulter
443 423 648 506 ἀφῆκ’).
686 424 744 490 lix
766 425 860 506 igitur
873 426 968 489 dinam
985 444 1111 491 necem
1127 434 1189 503 est,
1214 448 1302 511 qun!

75 515 174 595 eroget
195 514 393 593 bontionem,
415 533 473 594 qno
489 512 571 575 illan
586 514 717 594 abstergi
735 520 887 577 crederent
901 515 1112 579 immunditiam
1128 515 1302 593 naturalem,

75 605 126 665 ned
143 601 253 683 quanti
273 601 360 664 etiam
378 602 569 664 aestumariut
586 601 800 680 exorcismum,
826 624 928 685 quem,
952 613 985 665 ut
1000 604 1031 665 ia
1049 627 1171 686 regnum
1191 605 1302 671 curisti

74 699 260 772 apotestnte
279 691 464 751 tenebrarum
480 689 509 751 b
528 710 554 754 e.
571 690 680 753 diaboli
696 701 725 752 et
741 691 958 773 angelorum
931 710 1006 773 epus,
1024 694 1214 775 baptizandos
1231 713 1302 756 eru-

74 790 119 841 tns
134 776 350 853 transterreet,
367 777 576 841 adhibuerunt.

159 867 305 928 Firmum
323 865 537 947 firmioremque
555 868 634 928 baec
649 877 732 929 aetas
751 864 865 928 stabilit
882 866 1088 929 exorcismum.
1126 826 1303 931 Habuerunt

75 974 153 1029 rere,
179 972 281 1034 quum
297 973 356 1014 uon
374 957 459 1015 mode
473 954 612 1034 gentiles,
635 957 686 1015 sed
704 954 755 1016 illo
773 966 801 1016 et
818 953 1001 1017 Christianos
1017 955 1155 1036 originali
1170 956 1301 1058 pollutos

76 1050 215 1123 potarent
247 1049 390 1123 peceato,
421 1063 474 1122 pro
500 1055 689 1122 utrorumque
714 1043 801 1104 etiarn
825 1043 999 1121 baptismate
1024 1044 1179 1105 exorcismi
1204 1043 1302 1108 ritum.

77 1131 159 1208 Quod
178 1131 313 1210 probant
330 1132 419 1191 verba
436 1129 571 1207 Optati
587 1130 639 1192 Mt
650 1128 660 1189 l
671 1130 730 1191 eri
742 1130 824 1192 tani
835 1130 898 1208 ‘*):
930 1131 1101 1206 „Neminem
1118 1131 1206 1210 sugit,
1222 1134 1302 1213 quod

77 1217 170 1278 emis
187 1218 302 1291 loono,
328 1217 378 1298 qui
396 1217 542 1295 nascitur,
567 1218 702 1298 quamvis
718 1219 754 1279 dc
781 1218 952 1297 parentibus
968 1218 1136 1280 christianis
1153 1230 1302 1297 nascatur,

78 1304 139 1366 eine
157 1305 271 1384 spiritu
296 1304 444 1366 immundo
463 1325 530 1367 esse
550 1326 607 1365 nou
627 1305 736 1385 possit,
763 1326 849 1385 quem
873 1324 997 1367 necesse
1021 1306 1057 1375 sit
1081 1316 1151 1368 aute
1172 1306 1302 1369 salutare

77 1392 229 1454 laracruor
248 1394 291 1453 ab
307 1393 422 1454 berrano
440 1393 557 1454 excludi
576 1402 605 1453 et
620 1392 763 1473 separari.
802 1391 869 1453 Hoc
886 1392 1070 1455 exorcismus
1086 1405 1233 1473 operatur,
1249 1414 1303 1476 per

78 1500 160 1562 quent
177 1480 309 1562 spiritns
326 1481 494 1543 immundus
512 1480 670 1562 depellitur
689 1491 717 1542 et
734 1481 764 1541 in
781 1477 848 1542 loca
863 1482 979 1542 deserta
997 1480 1148 1559 sugatur.“

162 1569 202 1631 Ut
219 1589 296 1630 vero
313 1567 482 1646 Augusti
494 1589 510 1628 o
521 1588 593 1646 ura,
618 1568 736 1631 maximi
759 1567 816 1629 bac
834 1569 863 1629 in
881 1590 915 1630 re
932 1570 1026 1631 airum
1043 1568 1178 1630 momenti
1194 1567 1302 1631 audia-

79 1676 151 1734 nus,
175 1659 330 1738 dogmate,
354 1658 429 1736 quod
448 1658 484 1719 de
501 1668 620 1737 pecuete
639 1655 759 1737 protulit
775 1656 911 1735 originis,
927 1656 1089 1719 ellieaeiaas
1108 1677 1219 1733 aonam,
1236 1676 1302 1719 ma-

80 1744 154 1806 xime
172 1745 298 1826 quidem
315 1742 474 1806 terribilem
499 1745 655 1807 exorcismi
674 1744 741 1805 ritui
760 1744 901 1806 attribuit.
942 1744 1101 1807 Contendit
1118 1743 1212 1823 euim,
1242 1764 1303 1804 uon

82 1831 172 1894 ιιΙιιιιι
185 1830 371 1907 idololatras
389 1830 560 1910 gentilium,
585 1836 639 1894 sed
656 1832 783 1894 ialuntes
801 1852 916 1913 queque
933 1832 1104 1912 parentibus
1121 1843 1205 1894 natos
1222 1830 1303 1893 clari-

81 1920 197 1997 stianis,
222 1941 289 1981 oon
313 1919 495 1983 exorcizatos
520 1924 576 1981 oab
600 1919 723 1999 imperio
741 1938 809 1981 esse
832 1920 1019 1996 dinanum).
1060 1920 1186 1982 laricem
1205 1932 1303 1983 autern

81 2005 131 2068 illo
145 2030 184 2070 ex
202 2009 285 2086 rim,
310 2009 361 2089 qui
384 2018 453 2069 tuuc
472 2007 611 2089 temporis
636 2009 667 2067 in
690 2006 818 2069 ecclesia
843 2008 946 2089 peragi
973 2006 1103 2082 solebat,
1129 2007 1301 2070 sententiani

84 2112 162 2157 enam
181 2099 217 2157 de
234 2095 377 2176 originali
396 2106 533 2176 peccato,
559 2095 664 2157 bnicno
686 2115 787 2156 ornnes
804 2094 933 2155 Satanae
956 2094 986 2154 io
1010 2095 1143 2156 hemines
1160 2106 1302 2174 potestate

84 2185 281 2305 conjunctam,
299 2195 331 2245 ut
346 2203 444 2245 reram
462 2194 666 2264 receptamque
682 2183 873 2264 comprobare
892 2183 1124 2259 studebat†).,
1127 2183 1201 2256 ,Non
1219 2184 1302 2244 inre·

85 2270 191 2347 niunt,“
210 2272 345 2354 inquit,
348 2292 407 2352 qur
399 2273 533 2332 adhoc
550 2273 758 2352 respondeant,
775 2272 852 2351 quod
871 2270 1077 2332 exorcizantur
1093 2281 1121 2330 ct
1137 2270 1302 2332 exsufflan-

57 2358 596 2445 Χ1ιιιιιι1ιιιῑεεΙιοοοιιιιιιιιιιιιιιί
625 2357 951 2434 dobiolallaciterlit,
977 2357 1303 2421 sadrabolescrsuott

86 2447 337 2511 lecturicensi
360 2457 457 2510 autern
482 2447 664 2523 dominatur,
688 2459 715 2508 et
731 2447 797 2508 ideo
816 2467 872 2507 nou
888 2407 1040 2507 lalllrcitm
1054 2447 1259 2508 exorcizantur
1275 2458 1304 2510 ct

87 2535 289 2614 exsufflantur,
306 2557 358 2617 per
375 2533 445 2616 quid
462 2535 673 2597 dorniuatur
645 2534 701 2598 orsi
720 2556 773 2616 per
790 2546 939 2616 peccaturo
958 2535 1095 2617 princeps
1112 2535 1212 2617 otique
1224 2555 1303 2638 pcc,-

87 2626 269 2687 eatormn‘t“
303 2624 342 2685 nt
355 2623 415 2686 alio
433 2625 566 2702 lnco††)
578 2645 586 2685 ι
619 2672 636 2701 ,,
647 2626 713 2705 lpse
729 2636 849 2685 sauctae
866 2624 1020 2686 ecelesiae
1029 2634 1212 2685 sacramento
1230 2624 1303 2687 satis

87 2710 225 2790 iudicatu,
255 2712 396 2793 parrulos
420 2732 438 2774 a
464 2723 549 2792 partu
571 2711 657 2773 etiarn
681 2711 901 2774 recentissimos
927 2732 978 2791 per
1001 2711 1125 2791 gratiana
1141 2711 1250 2774 Christi
1267 2714 1303 2774 de

87 2798 187 2861 tliebeli
206 2800 330 2864 servitio
346 2798 478 2862 liberari.
502 2800 633 2880 Excepto
652 2800 729 2861 enim
745 2803 826 2880 quod
841 2798 871 2859 in
888 2808 1074 2879 pennatorum
1090 2799 1303 2874 remissionem,

88 2905 139 2948 nox
154 2887 270 2967 laliaci,
286 2891 339 2951 ned
356 2887 434 2950 fideli
453 2889 590 2969 mysterio
608 2886 802 2968 baptizantur,
820 2888 906 2948 etiam
923 2887 1004 2966 prius
1018 2886 1202 2949 exorcizatur
1217 2887 1247 2948 iu
1264 2887 1303 2949 iis

90 2984 115 3035 et
129 2977 309 3039 exsufflatur
325 2985 455 3057 potestas
472 2975 648 3037 contraria.“
679 2975 731 3036 Sic
748 2975 846 3058 etiam,
864 2987 896 3034 ut
912 2974 1060 3049 ait†††):
1093 2975 1226 3051 „Vellem
1244 2976 1304 3037 ali-

90 3063 149 3142 quit
163 3064 298 3137 istorum,
323 3065 373 3146 qni
390 3063 538 3126 contraria
554 3062 692 3142 sapiunt,
718 3062 788 3123 milri
807 3061 993 3140 paruulorum
1011 3059 1137 3124 afferret.
1176 3061 1255 3138 Quid
1272 3063 1304 3123 in

68 3147 136 3210 ‘illo
153 3154 214 3233 agit
231 3155 416 3217 exorcismus
434 3171 528 3230 mens,
545 3152 570 3212 si
589 3151 619 3212 iu
636 3149 747 3212 familia
765 3149 874 3211 diaboli
894 3169 951 3211 nen
968 3150 1105 3211 tonetnrl
1140 3149 1208 3229 lpse
1225 3161 1304 3213 certe

92 3239 152 3300 nni
175 3242 274 3304 iuerat
292 3259 490 3322 responsurus
505 3260 559 3320 pro
584 3241 684 3300 codem
703 3239 826 3319 parvulo
842 3257 927 3319 quern
944 3248 1090 3322 gestaret,
1115 3237 1183 3319 quia
1201 3259 1253 3318 pro
1268 3256 1303 3300 se

90 3323 136 3388 ille
151 3332 330 3412 respondere
347 3349 406 3389 non
422 3337 532 3409 posset.
564 3328 719 3405 Quomodo
737 3349 809 3406 ergo
824 3327 956 3389 dicturus
973 3339 1034 3389 erat
1053 3347 1118 3389 eoru
1137 3328 1304 3388 renuntiare

91 3412 218 3495 diabolo,
244 3418 331 3498 eujus
346 3417 377 3478 iu
395 3437 430 3478 eo
447 3416 520 3477 nibil
539 3416 640 3477 crecti
680 3417 834 3493 Quomodo
860 3415 988 3478 concerti
1014 3417 1049 3477 ad
1069 3417 1181 3492 Deum,
1204 3433 1223 3476 a
1246 3433 1303 3496 qun
1346 3493 1354 3508 ,
1424 3465 1427 3472 .

92 3517 145 3563 reu
161 3517 241 3569 esset
257 3505 450 3567 arersnst“·
518 3501 525 3515 “

115 3585 116 3590 ’
172 3593 325 3656 Describit
337 3591 507 3673 ceteroquin
524 3590 728 3664 exorcismum,
746 3597 779 3652 ut
792 3589 986 3652 ceremoniam
999 3587 1173 3669 baptismum
1188 3605 1305 3669 semper

93 3684 325 3754 tmteedentem,
350 3675 381 3742 iri
398 3681 535 3742 Africana
553 3687 613 3741 turn
632 3678 762 3740 ecclesia
779 3679 889 3758 ubique
907 3686 935 3739 et
953 3683 1097 3757 receptam
1118 3683 1146 3737 et
1160 3677 1305 3739 retustle·

94 3763 190 3831 simam
199 3772 260 3850 ³5⁴).
302 3769 437 3870 Nominat
460 3788 524 3830 earu
547 3767 645 3847 ignem
668 3785 786 3848 numne
810 3765 965 3829 exorcismi
975 3765 1042 3844 †⁸*)
1064 3764 1146 3846 (qnia
1167 3764 1305 3829 videlicet
1373 3763 1378 3773 ’

97 3872 303 3893 ᾗ

157 3921 184 3977 *l
206 3923 244 3975 Do
263 3930 365 3992 peceat.
387 3923 453 3987 orig
480 3921 556 3987 (tom.
577 3921 644 3983 lb).
682 3921 720 3974 De
746 3929 818 3991 nupt.
845 3928 872 3973 et
895 3921 1042 3989 concupisc.
1068 3920 1128 3972 libr.
1155 3901 1303 3974 dnostoui.

97 3984 134 4040 ll).
155 3988 382 4091 ⁴blnuscberl.
404 4009 427 4044 c.
447 3994 474 4044 4.
495 3990 636 4059 plenu.

157 4060 413 4199 ”)ιῦὅο.66ῗῑω66
430 4061 578 4198 cnrlnlcliplllb.
579 4062 624 4194 42,
627 4058 714 4182 Pbll.3

159 4197 192 4264 †)
213 4199 297 4267 Epist.
318 4200 350 4251 ed
369 4197 437 4252 Stxt.
458 4201 555 4254 144.ι
558 4166 628 4252 .tn’.

158 4267 210 4330 ·Η·)
233 4270 269 4324 ee
288 4277 390 4338 peccet
411 4270 477 4333 orig.
496 4270 540 4321 45.

158 4335 232 4406 †††)
252 4287 303 4391 Del
307 4346 410 4408 peceat
428 4336 791 4401 manumissent
851 4377 856 4382 r
949 4343 951 4347 “

160 4405 261 4545 gapt?
281 4416 401 4531 uuptp⁵et
420 4408 568 4477 concupisc.
585 4410 613 4475 2,
632 4407 676 4463 33
695 4372 726 4459 et¹
741 4406 784 4473 50,
805 4404 837 4457 de
852 4415 927 4474 pene.
936 4402 1012 4467 orig.
1031 4401 1075 4453 tn

250 4493 313 4546 ops
