3067 5075
216 244 283 314 186
366 241 501 311 mvl.
530 241 568 309 Δ.
584 241 622 307 F.
638 241 794 325 diseling
807 243 844 306 de
858 239 1119 327 praestruam
1132 239 1282 324 baptismi.

218 422 315 489 toris?
346 421 384 484 lit
396 419 598 504 Hieronymus
620 420 709 502 (tom
720 419 753 482 2.
776 439 844 502 opp.
861 418 929 483 12.
946 419 1013 487 adv.
1028 417 1228 501 lucinianum)
1244 418 1374 481 medem
1390 437 1442 480 er-

220 531 317 576 rorem
333 511 370 572 de
385 530 445 570 nnn
462 508 642 572 remittendis
658 507 789 591 peccatis
804 516 871 591 post
884 506 1060 589 baptismum
1077 508 1206 591 peractis
1224 506 1340 578 refutat.
1378 504 1442 570 Ve-

221 609 299 664 teres
317 597 492 680 baptismum
509 597 631 678 primam
646 603 714 678 post
729 595 915 677 oauimgium
932 596 1046 678 peccati
1061 594 1207 674 tabulam,
1230 593 1443 679 poenitentiam

220 709 291 752 vero
308 684 430 751 alteram
446 684 591 762 dicebant,
609 688 686 768 quod
703 684 780 747 nilril
794 683 875 747 aliod
891 683 1024 746 indicare
1041 685 1150 763 deleuit,
1168 702 1257 766 qnam
1272 682 1445 746 reiteratio·

221 797 289 839 uem
306 772 441 855 baptismi
459 773 490 835 in
505 771 600 854 lapsis
617 794 675 835 non
692 793 761 835 esse
777 770 989 846 neeessariam,
1006 770 1145 834 suficere
1162 771 1260 855 potius
1275 770 1446 834 restitutio-

220 883 288 927 nem
304 860 518 924 communionis
534 881 600 923 cum
618 863 691 937 Deo,
706 858 910 922 conversionis
927 858 1105 942 remedio*).
1122 893 1163 907 -
1189 858 1218 943 ξ,
1237 857 1288 923 14.
1310 857 1374 921 atii
1393 861 1446 922 de·

221 951 311 1033 nique
327 949 506 1030 baptismum
522 948 713 1026 differebant,
737 954 771 1009 ut
788 968 823 1010 eo
846 948 876 1009 in
895 958 1025 1011 extremo
1041 949 1118 1011 vitae
1133 958 1271 1030 tanquam
1286 947 1446 1028 praeclaro

221 1039 267 1102 nti
293 1049 415 1120 possent
445 1035 573 1099 remedio
608 1046 699 1118 utque
724 1033 893 1098 mundiores
917 1046 1055 1120 tanquam
1078 1046 1212 1099 recentes
1235 1033 1327 1098 lavati
1352 1046 1386 1099 et
1407 1036 1445 1098 ab

222 1127 303 1190 omni
326 1124 414 1206 culpa
432 1133 460 1186 et
475 1143 572 1206 poena
589 1123 726 1205 purgati,
751 1144 789 1185 ex
805 1125 937 1199 laurita
954 1124 985 1187 in
1003 1123 1116 1188 coelum
1134 1121 1300 1204 evolarent,
1326 1124 1446 1187 aaaron

150 1215 154 1220 ’
222 1213 469 1278 resurrectionem
486 1211 631 1292 adepturi.
665 1209 798 1274 Basilius
812 1211 878 1293 ipse
894 1213 987 1294 (loru.
1006 1213 1056 1276 13.
1072 1211 1101 1273 in
1119 1231 1146 1275 s.
1161 1212 1256 1294 bapt.)
1274 1222 1365 1274 vocat
1379 1232 1446 1274 eun

222 1294 327 1384 ippum
349 1287 429 1380 opio
452 1290 595 1380 eriperis.
635 1299 788 1363 Credimus
805 1300 921 1382 quidem
940 1313 969 1363 et
984 1299 1168 1380 argumentis
1183 1312 1230 1362 sat
1243 1296 1355 1363 validis
1373 1319 1446 1363 caa-

222 1391 291 1453 rieti
315 1410 434 1462 snmus,
461 1387 635 1469 baptismum
660 1407 730 1451 esse
746 1388 907 1450 remedium
923 1389 1112 1452 exhibitivam
1137 1388 1242 1451 salotis
1266 1386 1296 1451 io
1314 1389 1446 1470 conjun-

219 1478 319 1542 ctione
346 1495 412 1538 cum
429 1476 493 1537 Deo
511 1476 702 1549 obtinendae,
727 1487 785 1537 taor
811 1475 963 1539 alliciendo
987 1475 1240 1558 regenerationem
1263 1474 1397 1539 hominis
1420 1487 1447 1540 ot

224 1565 400 1649 applicando
417 1563 649 1626 satisfactionem
661 1557 794 1642 ⁴Christi,
818 1585 904 1646 quam
921 1564 1128 1648 conjonctione
1143 1564 1293 1629 homiuum
1311 1565 1446 1646 napth-

225 1666 319 1717 terom
336 1674 401 1715 eum
420 1653 483 1714 Deo
507 1673 559 1733 per
576 1651 722 1715 Christum
748 1663 869 1732 operata
894 1662 922 1715 et
944 1652 974 1715 in
1002 1673 1038 1715 ea
1053 1651 1174 1715 fundata
1196 1664 1226 1715 et
1248 1652 1403 1734 praesenti
1419 1663 1446 1716 et

223 1742 324 1804 intera
341 1751 460 1802 aeterna
477 1737 585 1814 salute,
609 1747 695 1823 paeto
712 1740 770 1801 lrae
792 1738 956 1803 initiatione
971 1740 1097 1819 sancito,
1120 1751 1154 1803 ut
1171 1761 1224 1822 par
1240 1751 1296 1819 est,
1314 1743 1353 1802 ad
1371 1741 1444 1804 vdeo

224 1828 310 1892 linem
328 1827 463 1891 videlicet
478 1840 603 1889 servate.
642 1829 680 1890 Et
703 1828 760 1889 lon
778 1835 913 1910 respectu
939 1828 1127 1891 ooneedimus
1143 1828 1201 1891 dioi
1217 1837 1308 1911 pone
1325 1829 1384 1892 bec
1398 1829 1444 1891 ls-

222 1939 327 1982 rarnm
344 1909 444 1998 ὄχημα
459 1905 538 1996 poia
555 1906 697 1998 οὐρανὸν,
722 1914 808 1998 quale
825 1926 853 1978 et
868 1916 929 1978 illis
946 1927 1000 1993 est,
1018 1917 1067 1998 qni
1085 1917 1140 1979 troc
1154 1927 1224 1979 netu
1238 1915 1337 1998 primo
1352 1937 1382 1980 s.
1397 1939 1446 1998 per

227 2026 261 2069 se
279 2005 386 2067 efficax
401 1998 579 2082 remedium,
603 2014 632 2066 et
647 2006 725 2085 apud
743 2024 777 2065 se
800 2003 906 2066 efficax
930 2025 997 2067 esse
1019 2003 1138 2079 sinant,
1162 2006 1199 2067 ad
1224 2007 1445 2086 producendum

225 2093 349 2158 effectus
374 2095 459 2154 medo
483 2093 661 2173 descriptos.
699 2092 738 2155 Hi
763 2092 794 2153 in
818 2093 917 2155 lesu·
941 2092 1088 2156 Christum
1116 2112 1184 2155 vere
1208 2096 1387 2170 credentes,
1409 2097 1443 2157 sd

224 2183 327 2244 limina
352 2181 453 2242 mortis
478 2180 646 2258 ‘constituti
674 2182 711 2241 ab
737 2179 815 2240 omni
843 2178 930 2262 eulpa
954 2191 982 2243 et
1005 2200 1101 2262 poena
1123 2182 1241 2261 perpati
1265 2186 1294 2243 et
1317 2181 1444 2263 liberati,

223 2278 374 2333 aeternam
400 2268 516 2329 animae
539 2267 663 2330 salutern
686 2265 934 2344 renouarentur,
960 2279 1034 2332 teste
1055 2266 1121 2349 ipso
1145 2268 1303 2332 Servatore
1328 2270 1445 2350 optime,

227 2358 303 2421 (lom
322 2377 392 2418 vero
417 2363 601 2417 sacramenta
625 2376 682 2416 non
701 2377 746 2417 ex
762 2375 852 2436 opere
876 2368 995 2437 operato
1016 2356 1185 2419 hominibus
1208 2357 1268 2421 sict
1290 2356 1443 2436 salutaria,

219 2445 279 2507 'sed
298 2446 334 2505 ad
353 2445 430 2503 lone
449 2442 582 2505 ellectum
601 2443 717 2525 plenum
736 2446 952 2523 producendum
975 2442 1048 2508 ides
1072 2444 1240 2527 requiratur
1260 2445 1301 2527 in¹
1317 2467 1373 2526 ro,
1397 2445 1443 2528 qui

223 2531 437 2596 titeorundem
460 2529 620 2613 particeps,
643 2529 816 2614 justificatio
840 2543 936 2597 antem
956 2533 989 2615 ‘in
1015 2533 1152 2596 omnibns
1176 2534 1225 2616 qui
1248 2533 1357 2597 salutis
1372 2533 1445 2600 lium

169 2619 173 2626 ’
220 2633 395 2703 compotes:
421 2640 565 2701 negamus
583 2621 717 2698 omnine,
742 2623 796 2683 los
819 2619 850 2683 in
874 2622 1056 2685 extremitate
1073 2621 1150 2685 vitae
1167 2622 1334 2705 baptizatos
1352 2644 1443 2706 eoque

173 2713 178 2716 ’
223 2709 400 2794 justificatos
416 2708 558 2771 munditia
573 2711 743 2791 superiores
760 2730 828 2772 esse
843 2708 914 2786 illis,
942 2716 990 2792 qui
1004 2711 1064 2792 jam
1083 2710 1152 2773 olim
1171 2711 1308 2792 baptisati
1330 2711 1443 2775 aereis

224 2799 325 2862 Jesum
351 2796 498 2859 Clrristom
522 2800 644 2862 credunt
665 2798 780 2880 hacque
803 2797 861 2860 tide
884 2802 921 2861 alr
947 2799 1083 2861 omnibns
1108 2799 1237 2879 peccatis
1267 2800 1442 2881 baptismus

223 2886 336 2967 amotis
359 2884 531 2951 liberantur.
575 2886 728 2968 Negamus
753 2887 840 2949 etiam
864 2888 918 2950 laos
940 2887 1022 2969 ipsos
1038 2885 1172 2950 immines
1189 2880 1291 2950 revera
1307 2889 1442 2970 puriores

217 2993 294 3037 esse
312 2984 446 3036 recentes
462 2972 567 3051 lavati,
593 2989 679 3056 quam
695 2975 722 3036 si
735 2975 797 3057 jam
816 2972 885 3036 olim
903 2976 1058 3055 baptizati,
1084 2978 1185 3059 endere
1203 2987 1334 3057 ternpore
1348 2997 1369 3040 a
1385 2973 1441 3039 ori·

224 3063 353 3127 minibus
369 3070 488 3142 postea,
513 3063 572 3124 imo
588 3083 642 3144 per
663 3074 750 3125 totam
766 3063 856 3126 vitam
871 3063 1054 3139 commissis,
1072 3062 1287 3145 justificatione
1302 3062 1441 3130 absolue·

223 3163 335 3215 rentur.
373 3151 532 3213 Praetereo
555 3150 666 3232 injusta
688 3161 735 3213 est
756 3150 900 3230 ejusmodi
925 3151 1060 3232 baptismi
1084 3152 1308 3234 procrastinatio
1333 3154 1442 3218 taem

217 3239 319 3301 ‘nausa
335 3237 431 3313 facta,
458 3238 527 3319 qnia
543 3238 713 3320 nentiquam
731 3236 839 3300 malum
859 3242 1003 3321 quoddam
1020 3239 1266 3314 committendam,
1288 3251 1322 3302 ut
1337 3243 1443 3306 laeuum

224 3325 294 3388 inde
311 3332 478 3388 enascatur.
501 3326 539 3387 Et
556 3325 681 3408 denique
700 3344 764 3387 cnm
783 3327 832 3410 qni
849 3326 905 3390 lrae
923 3330 1067 3406 eausaad
1082 3327 1162 3391 lano
1176 3327 1345 3392 dilationem
1365 3347 1452 3394 nem.

224 3421 394 3491 morentur,
419 3412 607 3514 inopinanteq
625 3434 643 3476 a
659 3426 751 3476 morte
768 3415 883 3495 possint
899 3416 1022 3498 opprimi
1048 3426 1078 3480 et
1100 3417 1166 3480 sine
1189 3415 1335 3498 baptismo
1354 3420 1444 3482 ema

217 3502 388 3579 discedere,
414 3500 614 3583 improbamus
633 3502 700 3584 jure
717 3511 818 3565 nostro
837 3513 866 3567 et
889 3506 1059 3568 damnamus
1082 3506 1160 3567 lano
1177 3504 1393 3587 voluntariam,
1415 3514 1442 3571 rt

224 3590 372 3655 funestam
388 3609 425 3652 ao
442 3589 637 3672 perniciosam
654 3591 719 3674 ejus
736 3594 773 3654 od
790 3601 909 3656 mortem
928 3592 1230 3677 procrastinationem.

294 3771 322 3846 ⁴)
344 3779 451 3846 Reliqua
469 3778 673 3834 Novatianornm
693 3790 861 3848 argumenta,
884 3783 977 3850 quibus
996 3785 1152 3835 seutentiam
1170 3797 1243 3835 snam
1261 3784 1385 3837 stabilire
1400 3773 1442 3838 'at-

193 3877 197 3880 ·
221 3850 277 3904 nisi
295 3856 371 3910 sent,
398 3850 493 3901 nullius
511 3853 634 3904 mouenti
654 3860 715 3903 sunt
733 3868 764 3904 ae
782 3853 912 3920 ponderis.
949 3852 1116 3908 Examinnvit
1135 3854 1182 3906 ills
1200 3855 1225 3907 l.
1246 3851 1313 3905 Ulr.
1331 3852 1442 3925 dloqu-

225 3934 284 3971 rus
303 3920 335 3970 de
353 3917 548 3971 Novatianismo
567 3927 619 3972 etc.
639 3921 724 3989 (Lips.
746 3923 837 3987 1668.)
857 3939 883 3990 p.
904 3922 934 3974 15
954 3939 990 3976 ss.
1015 3925 1058 3991 qui
1083 3941 1109 3993 p.
1129 3925 1163 3979 22
1181 3931 1203 3974 s.
1230 3922 1387 3991 quibusdam
1402 3940 1441 3978 er·

153 4039 155 4042 .
226 3988 354 4053 mouentis
379 3988 537 4040 adversariis
558 3990 624 4041 hanc
645 4006 660 4042 a
685 4005 749 4042 vero
774 3991 892 4043 doctrina
912 3992 1076 4045 aberrantem
1100 3992 1245 4059 opinionem
1269 3993 1438 4062 impugnavit.

225 4059 283 4110 lem
302 4058 362 4109 olim
382 4057 409 4108 in
435 4058 545 4109 concilio
567 4058 766 4123 Carthaginensi
786 4059 807 4111 l.
827 4075 868 4112 no.
888 4060 950 4117 tta.
978 4069 1006 4113 et
1027 4064 1143 4129 epistolis
1161 4062 1300 4131 Cypriani,
1330 4061 1438 4129 liemaro

227 4141 254 4181 a.
273 4129 352 4193 iii,
370 4125 532 4179 Antiocheno
558 4134 585 4177 et
603 4128 803 4194 Carthaginensi
821 4129 855 4182 ll.
881 4130 1014 4184 decretum
1034 4139 1089 4199 est,
1117 4133 1198 4201 lapsis
1215 4132 1336 4186 omnisne
1357 4133 1440 4202 porri·

204 4265 208 4270 Ι
226 4196 542 4261 teutibns‘igooscendnm
564 4199 716 4266 veniamque
733 4199 843 4250 dandam
861 4213 930 4251 csse.
1390 4196 1393 4204 '

632 4357 1033 4384 Μ

1245 4437 1260 4470 d
