3067 5075
239 198 306 280 tou
519 252 523 257 «
665 209 1025 295 accucurrerunt
1101 214 1107 237 ·

241 390 376 465 debebat,
400 376 516 450 tandem
534 385 718 468 frigesceret,
742 386 908 469 Cyprianus
927 404 978 469 pro
995 384 1141 451 laudabili
1162 403 1223 447 suo
1241 372 1440 449 conservandos

240 477 274 539 iu
296 476 432 538 omnibns
451 470 594 546 ἒυταξίας
616 474 713 536 studio
732 485 889 558 martyrum
905 473 1052 537 desideria
1070 474 1270 537 diaconorum
1286 471 1407 535 consiliis
1418 484 1440 536 et

241 563 405 644 scripturae
428 561 592 644 praeceptis
614 561 775 641 gubernari
791 560 892 636 voluit,
911 582 948 624 ue
964 562 1130 642 importuna
1149 558 1306 641 lapsorum
1324 559 1440 639 petitione

242 650 387 732 compulsi
406 650 470 710 suis
496 668 549 710 eos
565 647 673 711 libellis
686 649 832 730 jurarent,
845 651 958 732 cuibus
976 649 1014 710 ob
1031 647 1191 713 criminum
1208 648 1383 710 atrocitatem
1397 668 1440 709 uon

241 740 410 812 minuenda,
434 735 532 816 potius
555 737 693 816 augenda
716 746 796 799 esset
818 734 993 815 discipliuae
1013 736 1180 798 canonicae
1204 754 1313 815 poena.
1353 735 1439 798 Veron

244 846 309 889 cum
328 845 365 887 ne
383 825 457 889 baec
476 823 593 904 quidem
614 823 696 903 paria
714 834 816 886 esseut
833 822 968 885 tollendis
987 822 1145 895 abusibus,
1165 823 1220 902 qui
1240 841 1278 883 ex
1293 820 1348 882 boc
1361 821 1440 883 indul·

243 911 409 994 gestierunt
432 931 542 991 genere
566 909 692 972 subinde
717 909 811 973 exerti
836 909 954 973 inerant
976 910 1006 971 iu
1025 909 1168 972 Africana
1188 908 1329 985 ecclesia,
1347 910 1440 969 taudem

243 1002 281 1065 ud
304 997 537 1081 comprimendos
560 997 707 1077 lapsorum
731 997 871 1059 tumultus
895 996 985 1060 ullam
1008 999 1037 1059 in
1059 1005 1216 1078 posterum
1244 1004 1312 1058 aute
1335 997 1439 1056 sedatam
1478 1038 1481 1053 .

244 1089 388 1159 aduersus
411 1084 567 1147 ecclesiam
592 1084 826 1164 persecutionem
851 1082 1019 1147 libellorum
1030 1084 1182 1156 „rariorem
1201 1082 1317 1157 baberi,
1339 1080 1440 1163 Cypria·

243 1193 302 1236 uns
324 1171 470 1253 probibuit
494 1171 547 1232 20.
574 1172 611 1232 ad
646 1174 746 1234 clerium
772 1193 852 1233 mon
876 1171 1011 1255 epistola.
1056 1171 1157 1252 Hujus
1193 1165 1360 1249 exemplum
1386 1187 1440 1229 aero

243 1258 400 1345 posteriori
423 1256 584 1339 Hispaniae
607 1260 742 1321 docteres
773 1258 884 1337 secuti,
918 1260 968 1340 qui
992 1259 1022 1319 in
1048 1277 1135 1341 conc.
1165 1250 1354 1319 Eliberatiuo
1376 1255 1439 1334 lapso

245 1344 443 1408 cnuiessiuuis
454 1343 556 1406 literas
568 1345 726 1422 exhibenti,
743 1346 858 1408 nomine
873 1345 1054 1408 confessoris
1067 1345 1178 1421 deleto,
1196 1348 1439 1412 communicandos,

243 1434 382 1515 majani,
398 1433 510 1493 duodus
527 1450 604 1508 esse,
622 1435 821 1509 decreverant,
838 1454 923 1515 quem
940 1434 1026 1495 otiam
1043 1453 1152 1494 morem
1171 1451 1252 1493 novo
1264 1433 1436 1492 decretocou·

242 1519 378 1597 firmarit,
395 1521 473 1601 quod
488 1539 547 1579 nou
564 1518 615 1603 diu
629 1528 696 1600 post
710 1520 739 1580 in
754 1518 998 1603 Gallialrabitum
1013 1519 1078 1596 luit,
1094 1519 1275 1580 Arelatense
1292 1514 1437 1578 Conciliato.

190 1658 193 1663 >
248 1616 290 1671 De
307 1611 360 1681 bie,
377 1614 425 1688 qni
439 1608 629 1682 ,confessorem
642 1609 742 1673 liturus
757 1602 888 1683 offocat,
904 1609 1019 1688 placarit,
1035 1616 1067 1669 oi
1080 1607 1206 1668 sublatis
1221 1611 1264 1669 sis
1278 1607 1367 1675 litorio,
1381 1603 1436 1663 oliot

245 1701 385 1775 occipiunt
402 1698 660 1754 communicatoriae
681 1696 757 1772 (cua.
775 1693 831 1770 9.).

333 1779 372 1840 ll.
391 1780 423 1842 8.
447 1780 499 1841 De
518 1778 806 1859 poenitentium
825 1778 1098 1863 absolutione.
1125 1777 1154 1861 ᾗ.
1174 1780 1206 1842 1.
1233 1775 1341 1857 Elapso
1356 1771 1434 1855 poeti

244 1865 353 1930 tentiac
369 1879 508 1945 tempore,
528 1868 644 1946 quando
661 1864 810 1928 delinitum
827 1875 985 1929 consuetae
1003 1865 1228 1929 exercitationis
1245 1862 1364 1927 stadium
1379 1859 1434 1920 inter

244 1953 380 2016 domores
403 1951 534 2033 corporis
551 1953 668 2015 labores
691 1964 720 2015 et
737 1953 886 2021 cruciatus
906 1952 1086 2034 poenitentes
1105 1953 1222 2016 emensi
1239 1952 1359 2023 inerant,
1374 1943 1433 2005 dill-

242 2040 330 2119 ,ritem
348 2061 382 2104 se
398 2041 525 2121 amplius
546 2040 674 2103 ecclesia
689 2040 728 2101 iis
749 2038 892 2122 praeber'e
917 2040 1020 2105 uoluit.
1050 2041 1159 2105 Verum
1179 2059 1259 2122 quac
1274 2032 1433 2099 austeriorem

244 2131 397 2211 bucusque
418 2128 547 2209 judicent
567 2137 677 2207 egerat,
702 2147 737 2188 ea
754 2128 815 2208 jam
839 2127 1115 2206 indulgentissimae
1131 2129 1231 2189 instar
1247 2123 1345 2186 matris
1357 2120 1434 2199 lapsos

244 2215 422 2299 poenitentia
442 2224 632 2292 resurgentes
650 2214 763 2293 ingenti
781 2215 891 2276 caritae
908 2214 1049 2295 suscepit.
1094 2214 1232 2296 Aequum
1250 2213 1357 2274 tandem
1372 2206 1433 2268 ride·

244 2307 332 2367 batur
349 2312 378 2364 et
398 2300 553 2362 christiani
576 2300 684 2361 amoris
702 2298 764 2381 legi
788 2301 978 2378 conveniens,
1002 2302 1126 2382 gratiam
1146 2302 1186 2363 iis
1207 2299 1271 2363 fieri
1296 2308 1323 2358 et
1339 2289 1432 2355 liberari

244 2411 306 2467 sos,
325 2410 362 2451 ne
378 2388 505 2450 anianum
523 2388 745 2465 desponderent,
761 2408 798 2449 ex
815 2387 868 2450 illa
885 2388 1068 2451 miseriarum
1085 2391 1240 2469 voragine.
1264 2386 1328 2449 Nou
1342 2382 1430 2461 ignoro

243 2487 342 2539 utrum
366 2493 436 2537 rura
457 2473 503 2534 illi
522 2482 550 2534 et
574 2474 691 2535 sincera
713 2473 891 2554 poenitentia
916 2476 1023 2557 dignos
1047 2496 1080 2539 se
1099 2477 1187 2541 venia
1206 2486 1235 2540 et
1258 2467 1429 2534 communione

243 2562 391 2625 ieceriat‘l
414 2564 580 2637 decernere,
598 2582 657 2622 nnn
672 2581 763 2643 penes
781 2563 948 2641 ecclesiam,
967 2574 1076 2626 tautum
1095 2586 1188 2644 penes
1206 2584 1272 2626 euru
1289 2559 1381 2631 luisse,
1394 2548 1428 2632 qui

242 2651 274 2713 in
291 2648 448 2712 interiores
467 2658 599 2729 penetrat
615 2648 719 2710 mentis
735 2648 882 2713 hnmanae
902 2672 1048 2714 recessus.
1081 2653 1119 2714 At
1135 2673 1208 2715 vero
1227 2644 1378 2715 commuuio
1392 2637 1429 2699 illa

153 2774 157 2779 ⁴
244 2740 329 2801 modo
355 2745 417 2800 croi
440 2745 578 2813 exieras,
606 2757 661 2798 nec
685 2740 720 2798 de
742 2736 802 2799 alia
821 2741 981 2818 agebatur,
1008 2759 1094 2820 quarn
1119 2741 1231 2802 unione
1251 2744 1363 2799 exterra
1381 2744 1427 2787 cum

243 2819 373 2887 fidelium
399 2844 539 2903 corpere,
572 2842 590 2885 a
615 2844 672 2904 quo
698 2822 841 2887 haetenus
865 2826 982 2887 inerant
1000 2826 1139 2907 separati.
1185 2828 1278 2888 Facta
1306 2819 1355 2882 luit
1373 2815 1452 2875 bast-

243 2910 462 2993 poenitentibus
482 2910 569 2973 venia
586 2910 703 2992 publice
720 2910 751 2971 iu
768 2923 853 2974 coetu
870 2911 1025 2990 ecclesiae,
1044 2934 1104 2994 pax
1118 2913 1156 2974 iis
1174 2916 1243 2976 data
1260 2920 1287 2974 et
1302 2899 1426 2973 absolutio,

244 2998 363 3079 praesia
379 2998 510 3059 oratioue
528 3018 724 3079 manuumque
743 2999 860 3070 solenni
879 2999 1064 3080 impositione
1082 3021 1181 3062 coram
1198 2995 1348 3081 episcopis,
1363 3006 1426 3071 prer-

243 3087 372 3168 bpteris,
404 3087 544 3147 universa
569 3084 698 3147 fidelium
725 3089 876 3148 concione.
922 3087 1108 3168 Sequebatur
1122 3084 1255 3167 μέθεξις
1270 3106 1295 3148 s.
1312 3072 1426 3173 eorrupit

121 3195 128 3201 ·
225 3170 312 3234 coin,
327 3165 533 3253 dyenopcirorr,
556 3193 615 3251 qna
635 3176 672 3234 ad
695 3172 833 3235 interiora
853 3174 1004 3248 orationis,
1023 3174 1101 3236 sacri
1124 3184 1284 3238 conventus
1302 3175 1424 3249 nysaeus·

241 3279 365 3340 rumque
384 3258 553 3319 societatem
570 3255 707 3320 translati
726 3258 872 3320 ecclesiae
890 3261 993 3321 redditi
1011 3261 1132 3340 fnepnnt
1150 3273 1176 3324 ct
1195 3262 1315 3324 lratruru
1330 3264 1424 3314 count·
1483 3331 1484 3334 Ἴ

242 3344 295 3407 tio.
339 3345 535 3416 Eraut'lracc,
562 3364 638 3423 quae
658 3354 798 3406 externae
817 3366 883 3407 cunr
906 3347 1028 3428 mystico
1052 3370 1183 3430 corpere,
1214 3349 1287 3430 quod
1306 3336 1422 3431 cbristus

242 3440 331 3511 capnt
348 3429 486 3502 habebat,
507 3429 625 3493 unionis
647 3430 706 3512 jnri
731 3433 829 3494 omnia
853 3434 1043 3497 debebantur.
1082 3436 1114 3496 Si
1140 3438 1229 3499 corde
1248 3423 1423 3497 vereconbtlt

242 3516 330 3580 simul
357 3521 435 3598 apud
460 3519 573 3595 beorn,
607 3519 657 3601 qni
685 3517 838 3581 criminum
862 3521 1018 3584 atrocitate·
1037 3524 1168 3602 graviter
1194 3522 1322 3586 offensus
1342 3512 1421 3603 luenti

241 3615 413 3687 peccatores
445 3605 559 3687 culpam
586 3609 798 3687 expiaverunt,
828 3620 944 3688 praeter
971 3617 1098 3689 paceni,¹
1125 3631 1211 3691 quana
1239 3628 1301 3672 conr
1325 3594 1421 3689 ecclesia

201 3741 207 3754 .
240 3694 405 3771 habebunt,
438 3694 523 3756 etiarn
554 3692 635 3756 illam
662 3697 810 3759 habebant
843 3716 907 3758 cnm
940 3696 1129 3760 conscientia
1156 3732 1200 3745 -
1238 3695 1264 3778 §.
1281 3693 1310 3755 2.
1338 3687 1420 3747 Poen-

241 3782 371 3845 teutibus
394 3781 619 3844 reconciliandis
647 3793 675 3844 et
701 3782 731 3843 in
757 3782 989 3848 communionem
1014 3779 1191 3865 recipiendis
1215 3787 1297 3847 datus
1322 3773 1420 3857 plerun-

241 3889 299 3949 que
328 3867 385 3929 iuit
410 3869 492 3946 dies,
531 3868 579 3949 qui
611 3870 743 3932 solennis
784 3880 845 3932 erat
876 3880 904 3933 et
930 3870 1075 3934 ecclesiae
1109 3872 1222 3954 festus,
1255 3868 1314 3931 dies
1343 3866 1420 3951 nent?

241 3954 406 4017 dominicus
434 3964 462 4015 ct
485 3954 509 4016 si
532 3966 626 4040 status
651 3978 750 4020 eorum
782 3968 939 4040 pateretur,
966 3958 1028 4021 dies
1054 3958 1187 4040 inprimis
1212 3947 1417 4035 coenae'liomtpt

230 4040 476 4132 ‘antepaschaliffi
502 4063 581 4104 more
599 4044 775 4107 Christianis
793 4057 912 4126 recepto
931 4049 1121 4127 probatoque,
1147 4058 1179 4110 nt
1195 4048 1306 4130 quidam
1322 4054 1353 4097 tx
1365 4022 1417 4089 ¹⁰¹¹·

153 4185 155 4192 .
239 4130 337 4210 giosis
355 4128 499 4192 ecclesiae
516 4130 640 4203 actibus,
659 4154 715 4213 que
731 4132 876 4214 majoriis
893 4133 1050 4196 celebritas
1067 4138 1228 4214 accederet,
1246 4134 1274 4195 iu
1291 4120 1413 4209 pascbttlll

240 4226 293 4282 aut
316 4227 499 4297 pentecostes
525 4217 717 4281 solennitates
736 4220 955 4283 anniversarias
981 4231 1211 4285 reservarentur.
1254 4206 1414 4291 catechume-¹

194 4340 201 4348 ·
240 4325 345 4366 uerum
369 4306 531 4387 baptismus
555 4305 628 4367 nulli
645 4306 711 4368 loco
730 4317 792 4369 erat
810 4308 977 4386 adstrictus,
1002 4309 1076 4371 nulli
1095 4310 1226 4390 tempori,
1251 4315 1278 4370 ot
1292 4298 1412 4372 (affllbffl

239 4390 305 4454 lieri
323 4401 444 4471 peterat,
469 4392 576 4458 dilatus
599 4392 656 4457 fuit
674 4397 711 4460 ad
731 4396 891 4479 paschatos
916 4405 944 4459 et
968 4407 1154 4483 pentecostes
1172 4397 1252 4474 dics,
1277 4404 1341 4475 (μω
1355 4373 1412 4438 'fif'
