3067 5075
396 252 642 342 Korqpotipsnoe
655 258 796 324 ltisioriee
813 260 989 344 descriptus.
1188 322 1192 335 ,
1236 262 1321 339 ins,
1392 218 1401 272 l'

65 429 218 514 quidem,
246 440 276 493 nt
290 450 350 494 non
364 432 499 496 inunum
517 433 732 512 eustanum„
749 437 803 498 sed
818 434 848 496 in
867 435 1029 518 symbolum
1046 436 1169 499 unitatis
1185 427 1253 498 iidei
1270 443 1300 500 et
1356 478 1362 487 ·

64 522 249 582 venabatur
261 520 346 582 etiam
363 514 505 599 sidereo,
522 520 589 585 item
606 514 831 585 κατάκλαστον.
863 524 1063 586 communiter
1079 533 1174 588 tamen
1191 524 1299 606 iujus-

65 608 150 670 modi
169 608 274 670 trusos
290 603 431 690 εὐλογίας
448 622 598 685 venarum,
617 630 771 692 quaeror,
788 621 904 692 praeter
916 611 1084 692 generalem
1102 609 1299 694 significatio-

66 716 140 758 nem
159 694 301 778 enjosvis
318 695 559 776 consecrationis,
580 698 745 780 'specialem
763 698 833 761 item
850 719 959 762 coenae
976 700 1148 777 dominicae,
1168 699 1300 783 partien-

63 783 218 849 insistas
236 783 395 865 signifieat,
420 785 541 864 quaein
559 786 702 868 primitiva
719 785 845 849 eeoiesia
862 787 899 847 iis
916 788 1070 865 dabantur,
1095 788 1144 870 qui
1165 808 1299 850 eommu-

63 873 181 934 nienre
198 882 259 933 non
275 872 393 934 inerant
408 871 502 952 parati
518 875 564 953 (ut
580 885 625 936 est
640 874 671 935 in
689 877 817 953 demeto,
843 877 920 956 qumi
938 874 983 937 i’ii
998 877 1020 937 Ι.
1037 877 1153 937 nomine
1170 877 1299 938 eirenm·
1411 868 1417 876 ¹

61 961 186 1037 imur)
203 961 333 1041 itemque
350 960 576 1023 catechumenis.
609 963 654 1023 De
670 961 773 1025 iisdem
791 962 867 1023 eoim
886 963 999 1024 videtur
1014 964 1199 1045 Augustinus
1216 960 1299 1045 ioqui

20 1053 22 1084 ³
61 1048 120 1130 (du
147 1069 236 1128 peon.
260 1047 343 1110 merit
371 1048 459 1127 26.)τ
499 1055 565 1110 Non
588 1052 748 1112 uniusmodi
765 1061 806 1112 eet
823 1051 1023 1129 sanctificatio,
1048 1053 1158 1134 iuquit,
1183 1074 1251 1114 nom
1274 1061 1300 1113 et

62 1139 289 1199 euuedumenos
309 1137 459 1196 seeundum
474 1140 610 1217 qeiendom
633 1140 743 1199 modum
768 1159 849 1199 sittim
871 1160 920 1219 per
942 1147 1051 1218 signum
1071 1143 1173 1202 cinisii
1188 1152 1214 1201 et
1229 1163 1297 1204 orn·

59 1232 175 1288 mrtem
194 1242 299 1284 monte
313 1229 486 1303 impositione
509 1236 576 1304 petto
598 1227 770 1308 onnetipieori
793 1236 819 1286 ei
841 1228 914 1307 qnod
929 1233 1082 1307 occipiunt,
1105 1235 1231 1309 qnomoie
1244 1251 1300 1291 non

60 1320 103 1374 eit
121 1330 235 1391 mrpus
254 1317 374 1387 Domini,
389 1321 517 1372 sonetum
534 1323 690 1388 esttamen,
706 1324 732 1374 ei
748 1319 881 1388 sanetius,
905 1336 988 1394 quum
1004 1318 1055 1376 etit
1072 1319 1169 1396 quidne
1185 1320 1298 1392 alimur,

61 1407 213 1482 quonium
227 1409 430 1460 sacromentum
446 1410 495 1461 eet.
519 1400 711 1482 Nequaquam
726 1421 795 1462 uero
811 1401 1008 1475 Augustinum
1027 1423 1079 1484 pen
1095 1401 1150 1462 ime
1165 1418 1298 1465 sanetum

60 1488 249 1568 intelligere
266 1486 541 1566 vulgarensium,
566 1510 603 1550 ex
620 1510 654 1550 eo
672 1499 757 1569 putet,
775 1489 852 1570 quod
870 1488 899 1549 in
917 1491 1167 1571 subsequentibus
1184 1494 1298 1552 demum

61 1579 102 1637 de
121 1574 249 1654 vulgari
268 1575 333 1635 eiiio
349 1583 429 1654 agni.
464 1581 608 1637 Verum‘et
623 1583 701 1659 ipsos
716 1579 799 1651 olion,
819 1576 925 1657 pergit,
944 1578 1043 1658 quidus
1059 1581 1096 1637 nd
1112 1585 1299 1640 necessitatem

59 1666 278 1727 metentendoo
293 1665 377 1741 injus
391 1670 465 1723 uitus
482 1666 601 1739 alimur,
627 1666 800 1741 eonomqleoni
816 1667 888 1725 mem
903 1667 1047 1744 apostoles
1063 1669 1145 1743 dieti,
1167 1688 1218 1746 per
1234 1689 1298 1728 oer-

59 1756 134 1814 tam
155 1757 214 1812 Dei
229 1761 256 1810 et
273 1758 443 1824 orationem,
468 1773 522 1833 quo
540 1773 670 1829 oremus,
695 1760 790 1834 entique
805 1764 903 1814 nostru
919 1755 1085 1833 eorpeieeuio
1102 1755 1232 1829 refecturi
1249 1765 1299 1816 oie.

60 1841 138 1903 tiit.
159 1840 199 1899 de
217 1838 344 1918 eulogiis
363 1838 446 1900 itisoe
462 1839 501 1899 is.
518 1838 729 1901 Casuubonum
755 1845 865 1921 (exere.
887 1840 935 1901 tu.
963 1844 998 1901 nd
1015 1837 1122 1900 rinnai.
1142 1841 1249 1903 Baroo.
1269 1862 1298 1904 u.

61 1929 122 1990 33.
141 1923 288 1988 Bellarm.
306 1927 341 1987 de
357 1927 476 1995 euehat.
492 1924 523 2002 2,
541 1928 617 2003 24).
643 1962 682 1975 -
716 1927 743 2010 ᾗ.
764 1925 812 1987 tt.
845 1927 1000 1988 Caeterum
1017 1929 1217 1988 eateoiumeni
1237 1939 1299 1989 utut

61 2013 219 2096 baptizati
244 2012 299 2094 ipsi
323 2034 380 2074 non
404 2012 513 2074 suerint
538 2016 574 2074 ad
599 2010 804 2075 ecclesiastiea
828 2013 925 2075 oifioia
950 2014 1138 2075 nihilominus
1163 2016 1298 2076 admitte·

62 2105 197 2164 baninu.
210 2178 213 2181 v
228 2100 403 2181 Exemplum
421 2102 486 2181 ejus
504 2101 545 2162 rei
562 2102 590 2161 iu
610 2099 932 2175 Arnbrosiohniremus,
950 2103 987 2162 de
1005 2106 1105 2162 eodem
1124 2103 1199 2163 enim
1217 2103 1299 2164 Pau·

60 2191 158 2252 tinus
178 2186 270 2268 episu
288 2189 318 2249 in
338 2188 397 2250 rita
414 2188 559 2249 irnirosii
578 2189 692 2270 prolixe
713 2190 816 2265 reiert,
840 2191 881 2250 uti
906 2190 1133 2251 catechumenus
1158 2189 1254 2252 adhue
1271 2200 1299 2252 et

63 2288 177 2360 reqtor
194 2276 337 2356 Liguriae
354 2274 557 2358 Aemiliaeqne
582 2298 600 2338 a
619 2277 726 2357 populo
744 2277 902 2358 episeopus
923 2275 1091 2357 postulatus
1109 2291 1135 2339 et
1153 2300 1171 2339 a
1188 2278 1299 2340 Valen-

63 2366 191 2428 tiuinuo
210 2363 395 2425 confirmatus
412 2366 461 2441 sit,
478 2384 563 2445 quarn
581 2365 751 2444 dignitatern
770 2364 883 2427 etiamsi
895 2366 1068 2426 Ambrosius
1083 2387 1140 2425 non
1159 2365 1216 2427 nisi
1234 2377 1301 2447 post

64 2453 257 2535 baptismum
277 2456 314 2513 air
331 2449 390 2514 alio
407 2452 546 2533 episeopo
565 2465 716 2533 acceptum
741 2463 770 2515 et
786 2452 905 2534 impieta
922 2453 1125 2515 ecclesiastiea
1147 2450 1298 2516 oifiein'ad

63 2563 168 2605 unum
189 2541 491 2621 omniosuseeperit‚
518 2539 595 2602 aiios
613 2551 709 2603 tamen
726 2540 852 2621 exempli
869 2539 935 2603 loeo
954 2543 1008 2603 iioe
1025 2542 1171 2602 Ambrosii
1189 2542 1302 2609 fantum

65 2631 234 2709 allegasse
251 2650 288 2691 ex
305 2650 340 2689 eo
357 2637 453 2709 patet,
480 2630 556 2709 quod
575 2630 733 2691 'l‘annsium
751 2651 788 2692 ex
811 2627 888 2690 laico
907 2630 1007 2690 ordine
1030 2632 1065 2691 nd
1084 2618 1300 2710 patrinreirnlus

67 2718 252 2799 dignitatern
270 2728 401 2778 eventum
419 2737 485 2777 esse
508 2716 538 2775 in
561 2715 687 2778 concilio
703 2718 733 2780 8.
752 2716 885 2797 generali
910 2718 1019 2779 diserte
1043 2718 1188 2778 reseratur
1213 2727 1300 2798 atque

65 2805 199 2868 insimul
218 2807 254 2865 nd
273 2804 418 2866 Ambrosii
438 2804 603 2883 exemplum
621 2804 740 2885 eopiose
756 2806 980 2886 respondentur.
999 2804 1204 2865 Beatissimum
1223 2826 1299 2885 quo·
1405 2841 1410 2852 ·

66 2913 133 2976 qne
152 2893 358 2971 Ambrosium·
374 2891 481 2964 dieitur
497 2892 611 2953 notione
629 2894 770 2969 seeundo,
795 2891 1060 2971 splendidissimam
1077 2888 1300 2953 luceruameo-

66 2978 207 3057 etesiae,
230 2982 280 3061 qui
299 3002 336 3042 ex
354 2980 563 3041 enteohunueno
579 2979 676 3040 divino
705 2979 862 3059 praesagio
887 2982 923 3039 nii
942 2978 1137 3060 episcopalem
1155 3000 1208 3060 per
1225 2998 1299 3039 eon-

67 3069 179 3131 tinuos
198 3070 311 3145 gradus
328 3076 477 3147 promotus
494 3075 539 3129 est
564 3067 753 3146 dignitatem,
782 3087 835 3128 eur
857 3066 944 3126 nobis
974 3086 1025 3145 pro
1043 3078 1140 3126 vestro
1159 3065 1300 3128 tutamine

68 3155 254 3240 opponitis?
286 3156 345 3232 Qui
363 3175 421 3216 non
437 3153 575 3216 instinctu
599 3155 761 3227 hominurn,
789 3157 840 3216 sed
858 3154 954 3216 divina
971 3153 1123 3216 vocatione
1140 3174 1193 3233 per
1210 3153 1300 3215 mira-

69 3245 215 3306 culorum
233 3242 370 3323 prodigia
388 3240 499 3304 electus
517 3254 572 3305 ost.
603 3278 647 3287 -
676 3241 702 3324 §
726 3244 776 3304 15.
810 3243 962 3321 Agendum
982 3262 1067 3321 qaorro
1089 3244 1124 3303 de
1143 3241 1300 3303 eateeitetis

70 3341 121 3394 esi
147 3331 292 3407 simiis,
318 3351 439 3411 quornm
458 3351 547 3409 opero
571 3329 672 3390 novitii
690 3328 841 3391 eirristinni
865 3330 894 3390 iu
913 3328 1044 3391 doctrina
1068 3327 1134 3389 fidei
1157 3328 1301 3391 informa-

70 3422 198 3481 bantur.
236 3417 393 3479 Enimvero
413 3417 529 3479 erudire
545 3417 669 3479 aiterum
686 3427 714 3478 et
729 3426 892 3478 monstrare
909 3418 1012 3495 eidem,
1030 3437 1105 3497 quae
1123 3417 1299 3478 adsalutem

70 3506 167 3582 dimit,
185 3504 273 3580 iiam,
297 3504 424 3567 omnium
441 3504 673 3567 Christianorum
690 3503 818 3565 oiiieium
835 3514 863 3565 et
878 3504 903 3566 si
920 3504 1080 3565 nenessitas
1098 3514 1211 3582 urgeat,
1236 3504 1301 3564 lra-

71 3606 180 3656 ternae
204 3593 336 3656 earitatis
360 3592 488 3654 dolitum
514 3591 576 3666 e'st3
600 3595 636 3653 de
652 3613 709 3673 quo
726 3592 874 3652 Lutiierus
893 3591 984 3673 (Opp.
1002 3592 1046 3652 ed.
1065 3592 1182 3652 lenens.
1202 3590 1300 3652 Germ.

73 3693 148 3744 tom.
164 3682 199 3743 2.
223 3705 252 3763 p.
271 3681 371 3758 233.)
386 3680 498 3761 inquit:
537 3680 635 3742 Wenn
662 3679 710 3741 ein
728 3678 826 3741 Christ
849 3679 890 3739 ist
914 3699 950 3739 an
968 3680 1024 3738 deri
1042 3676 1131 3755 Orth,
1156 3680 1194 3738 da
1211 3677 1301 3739 keine

73 3769 221 3831 Giiristen
237 3769 314 3845 sini,
333 3769 371 3829 da
386 3759 464 3828 darii
478 3789 509 3829 er
525 3768 631 3829 keines
648 3769 759 3829 andern
772 3766 899 3843 seruus,
917 3768 992 3826 deun
1009 3768 1078 3826 dass
1095 3786 1127 3826 er
1144 3764 1190 3826 ein
1203 3764 1302 3828 Christ
1412 3825 1416 3837 ,

73 3855 127 3933 ist,
151 3854 304 3936 inuendig
320 3875 375 3917 von
393 3854 463 3917 Gott
480 3854 612 3916 ieruffen
629 3857 687 3916 und
705 3853 849 3935 gesulbet¹
876 3855 913 3914 ila
928 3852 967 3915 ist
983 3873 1015 3914 er
1031 3853 1170 3933 seiruidig
1186 3855 1242 3914 deu
1258 3853 1303 3913 ir·

75 3946 194 4005 eunden
211 3944 334 4025 Heyden
360 3946 432 4004 oder
447 3942 624 4005 Uneitristen
648 3964 686 4003 zu
703 3940 844 4023 predigen
863 3943 923 4002 und
949 3938 1109 4026 zuleimen
1128 3944 1181 4003 das
1198 3941 1301 4004 liven-

36 4016 54 4040 ⁹
75 4028 205 4109 getium,
221 4052 277 4093 nus
294 4030 397 4091 Putem
411 4030 619 4092 Briideriioiter
634 4030 736 4106 Liebe‚
754 4032 791 4091 oir
807 4030 856 4091 iim
875 4031 965 4090 seiron
985 4028 1191 4089 kein'ii'ienseir
1211 4031 1302 4089 darnu

77 4115 219 4183 innuet.
259 4117 330 4181 diso
355 4118 417 4179 titiit
434 4118 467 4179 S.
485 4117 653 4199 Stephanus
671 4119 734 4178 riet.
753 4114 784 4195 6,
805 4119 835 4180 7.
859 4119 923 4177 dem
945 4116 1021 4196 doeio
1048 4115 1116 4177 kein
1134 4119 1221 4195 Ampt
1245 4134 1302 4175 von

78 4206 140 4266 den
162 4206 301 4288 Apostein
327 4227 363 4267 zu
386 4205 531 4287 predigen
554 4204 692 4267 beioirien
716 4225 794 4281 war,
818 4206 877 4265 und
903 4202 1038 4284 prodiget
1059 4204 1132 4262 doeir
1158 4203 1217 4263 und
1242 4201 1303 4262 thet

79 4309 192 4369 grosse
211 4293 347 4358 Zeieiten
372 4293 410 4354 im
427 4291 533 4356 Voieii.
579 4292 665 4370 item,
690 4292 763 4354 eben
789 4291 854 4352 also
878 4292 940 4352 iim
962 4291 1037 4351 auch
1054 4288 1226 4370 Phiiippus,
1251 4291 1304 4351 der

77 4378 377 4463 Bineon‚sstepirans
391 4379 509 4443 Geseiie
527 4380 593 4442 aet.
604 4381 634 4442 8.
650 4383 714 4442 dem
731 4377 808 4441 auoit
825 4382 879 4441 das
894 4378 1082 4458 Predignmpt
1098 4373 1180 4437 nieht
1197 4374 1303 4438 beloiu-

79 4461 221 4534 tea'rar.
257 4467 330 4533 item
353 4487 388 4532 so
404 4469 466 4531 tim
482 4464 589 4551 Apollo
606 4468 670 4533 det.
689 4469 740 4532 18.
753 4469 843 4530 -deun
866 4466 897 4528 in
916 4462 1046 4528 soluitem
1061 4461 1132 4585 tqtl
1154 4463 1230 4528 silet
1255 4463 1304 4527 eiu
