3067 5075
221 252 247 320 ι
429 319 434 326 ,
526 229 551 296 ’-
583 250 719 319 xxmu
763 250 1107 332 ausemano·

224 433 255 488 ct
269 423 406 502 solertia,
428 422 462 485 in
484 425 643 488 condendis
666 445 818 490 sacrornnr
840 426 1022 492 solennibus
1038 428 1251 506 demonstrata,
1274 426 1449 513 quontistn

171 553 188 594 ·.
223 512 327 575 fecerit
341 510 472 575 ccclesia
485 521 580 591 vetus,
596 531 841 596 unumquemque,
859 519 956 595 credo,
971 515 1096 579 docebit.

312 600 351 663 dt
366 597 525 662 Christiani
540 621 601 662 non
618 604 704 663 modo
730 602 939 683 condiderunt,
966 623 1066 668 rernm
1089 598 1173 664 etiarn
1189 609 1335 664 auxerunt
1349 620 1448 664 sacra

223 685 354 770 publica,
373 687 477 768 partin
493 696 649 766 curantes,
665 698 749 752 ntea
766 693 870 753 crebro
886 691 1040 753 admodum
1057 692 1225 770 agerentur,
1242 687 1345 768 partim
1361 689 1448 750 eon-

224 775 380 838 stitnentes
395 777 528 860 doctores
544 774 689 857 publicos,
706 786 736 838 et
752 777 910 857 erigentes,
926 776 1104 859 simulatque
1118 777 1269 838 resederat
1285 773 1447 856 protutu-

222 862 460 943 pcrsecutionun
475 862 567 940 iuror,
584 861 728 941 aedilicia,
746 863 871 944 agendis
887 863 924 925 iis
941 864 1057 926 idonea.
1089 861 1207 925 Christo
1223 863 1313 924 rebus
1329 863 1448 927 burna·

222 948 272 1012 nis
287 958 395 1031 erepto,
413 949 673 1030 congregatiusuat
688 948 814 1031 apostoli
830 949 978 1031 quotidie3
1003 950 1108 1012 deinde
1124 959 1221 1011 antem
1238 961 1449 1014 convenerunt

222 1045 385 1099 sectatores
402 1056 502 1099 eornm
517 1037 633 1099 sabbati
648 1037 830 1118 potissimum
846 1036 912 1114 die3
936 1039 1014 1118 qnod
1028 1057 1088 1098 non
1102 1035 1206 1098 mirum
1223 1036 1314 1122 rideri
1330 1047 1449 1117 potest,

223 1144 314 1206 quum
338 1123 481 1186 ecclesiae
505 1123 683 1187 christianae
702 1123 824 1186 forman
850 1132 937 1186 totam
960 1126 997 1186 ad
1021 1143 1193 1204 synagogae
1216 1123 1448 1187 similitudinem

223 1210 414 1292 compositam
430 1210 526 1275 fuisse
542 1211 683 1275 sciamus.
719 1211 878 1293 Postquam
894 1231 964 1274 vero
980 1209 1063 1272 multi
1080 1209 1258 1287 Christiani,
1275 1210 1368 1272 Panlo
1384 1211 1450 1272 in-

156 1346 159 1349 .
222 1298 325 1379 primis
339 1306 471 1375 'auctore
486 1317 554 1362 sese
570 1320 629 1361 non
645 1298 737 1361 teneri
754 1299 822 1379 tege
839 1297 975 1361 Mosaiea
989 1289 1204 1374 intellexerant,
1221 1295 1251 1360 in
1267 1296 1364 1359 multis
1380 1318 1449 1360 ec-

223 1385 324 1450 elesiis
341 1385 503 1463 dies'soiis,
528 1403 586 1470 quo
603 1385 737 1449 Christus
752 1385 784 1445 in
801 1384 887 1447 vitan
903 1386 1047 1460 redieret,
1073 1384 1104 1444 in
1120 1385 1218 1444 locum
1233 1383 1348 1446 sabbati
1363 1404 1449 1446 suc·

199 1472 323 1551 *cessit
348 1471 418 1535 nliis
434 1482 530 1534 tannen
547 1473 694 1548 ecclesiis,
710 1485 818 1532 uerum
833 1471 1018 1532 Iudaicarum
1036 1469 1133 1550 tnagis
1149 1469 1301 1559 studiosis,
1323 1472 1450 1534 sabba·

222 1570 283 1621 tum
299 1570 445 1637 tamquam
462 1559 539 1619 diern
553 1559 659 1620 iestnrn
675 1556 844 1636 agentibus.
874 1557 971 1636 Atque
985 1555 1118 1622 instituta
1133 1576 1200 1618 csse
1215 1577 1364 1619 sacrorum
1380 1576 1449 1619 so-

109 1693 113 1700 .
222 1643 333 1714 lemnia
356 1644 403 1706 dic
427 1643 573 1705 dominica
595 1643 626 1704 in
650 1642 726 1723 ipsis
749 1663 848 1704 rernm
873 1643 1096 1728 christianarum
1119 1643 1228 1721 initiis,
1254 1641 1407 1723 colligitur
1430 1667 1450 1709 e

221 1729 474 1818 nonnullisNt'l'.
489 1728 618 1811 locis*)3
636 1733 795 1810 cadentque
813 1749 893 1794 saec.
910 1731 923 1793 l
940 1741 969 1792 et
985 1730 1014 1791 ll
1032 1750 1096 1793 curn
1113 1730 1179 1811 ipsa
1195 1730 1339 1811 religione
1356 1732 1450 1794 chri·

222 1817 499 1899 stianaprcpagata
515 1837 597 1890 esse,
619 1816 660 1879 ita
677 1825 774 1898 potest
789 1818 904 1895 doceri,
929 1827 960 1879 ut
976 1817 1077 1880 nnilns
1093 1817 1266 1884 dubitationi
1282 1818 1364 1879 iocus
1380 1839 1449 1880 sn-

104 1938 108 1949 ·
139 1907 144 1910 ’
220 1904 377 1986 persisti).
416 1904 488 1966 Orta
511 1903 689 1984 posthaeca
711 1903 806 1965 medio
830 1903 898 1965 inde
921 1905 1043 1967 saeculo
1066 1907 1195 1967 secundo
1219 1903 1338 1966 arctiori
1360 1904 1452 1968 inter

222 1988 380 2070 ecclesias,
405 2010 458 2072 per
474 1990 668 2056 variasorbis
684 1990 812 2053 Romani
827 2000 926 2070 partes
944 1991 1104 2072 dispersas,
1130 1991 1343 2067 coniunctione,
1360 2013 1451 2072 qnae

222 2078 300 2142 inter
316 2098 367 2141 cas
383 2088 446 2140 erat
463 2077 629 2156 diversitos,
647 2077 714 2140 aliis
730 2078 895 2155 sabbatum,
917 2077 984 2140 aliis
1001 2078 1076 2141 diem
1094 2078 1266 2140 dominicam
1284 2089 1317 2140 nt
1331 2078 1451 2143 lestnrn
1533 2120 1534 2146 t

147 2210 155 2218 „
223 2164 458 2236 celebrantibus,
484 2163 525 2226 ita
543 2165 649 2244 optime
666 2162 728 2225 tolli
753 2184 840 2244 posse
855 2164 1023 2243 ridebatur,
1048 2175 1080 2226 ut
1096 2165 1160 2228 dies
1177 2174 1299 2246 uterquc
1315 2174 1450 2230 sanetus
1513 2231 1516 2236 ,

221 2252 389 2313 laeteretur.
425 2250 520 2328 Atque
544 2250 589 2310 sic
613 2252 670 2309 duo
688 2248 872 2328 singularum
889 2249 1101 2313 hebdomadum
1119 2253 1183 2314 dios
1200 2250 1295 2313 sacris
1312 2254 1450 2331 agendis
1480 2259 1482 2264 '

221 2337 291 2399 festi
308 2335 618 2414 celebrabantur***),
645 2355 820 2416 quamquam
844 2339 1015 2413 sabbatum,
1041 2336 1139 2399 multis
1155 2337 1186 2398 in
1202 2337 1352 2415 ecclesiis,
1375 2358 1450 2402 non

156 2495 163 2498 ,
222 2444 267 2501 ea,
283 2442 341 2503 qna
358 2422 422 2482 dies
440 2421 613 2498 dominicus,
630 2420 776 2501 religione
793 2422 1061 2502 observabatnr†).
1085 2422 1153 2486 Huc
1170 2432 1361 2488 accesserunt
1374 2445 1449 2488 nnn

143 2566 148 2571 .
220 2509 313 2573 ntultc
338 2516 405 2590 post
420 2507 523 2570 lustini
540 2507 681 2591 Martyris
702 2519 826 2573 aetatem
848 2531 934 2573 sacra
957 2509 1062 2572 diebus
1079 2509 1234 2583 stationum
1258 2513 1301 2589 (h.
1319 2532 1344 2575 e.
1360 2509 1451 2578 teria

221 2607 326 2680 quarta
342 2607 370 2658 et
388 2596 486 2674 sexta)
503 2594 612 2669 habita,
634 2616 709 2677 qnae
726 2599 827 2659 eodem
844 2598 907 2659 iere
924 2600 1019 2674 ruodo,
1038 2608 1096 2678 qno
1112 2618 1199 2661 sacra
1216 2597 1273 2661 diei
1290 2598 1449 2680 dominici,

220 2695 288 2748 acta
304 2704 381 2761 esse,
405 2683 511 2745 exinde
527 2681 685 2762 colligitur,
702 2687 779 2763 qnod
795 2683 951 2746 multarum
970 2694 1048 2746 certe
1065 2682 1256 2746 eeclesiarum
1273 2684 1449 2748 Christiani

218 2771 252 2832 in
267 2772 370 2855 bonurn
386 2790 503 2850 quoquc
518 2769 629 2831 dierum
646 2767 828 2833 solemnibus
848 2789 873 2831 s.
892 2789 985 2833 coena
1008 2770 1049 2832 uti
1067 2770 1277 2850 ostentmst).
1313 2771 1449 2835 Praeter

218 2858 293 2920 baec
309 2858 385 2920 testa
401 2856 626 2919 hebdomadalia
640 2857 693 2936 (sit
708 2857 795 2920 reaia
809 2855 914 2934 verbo)
932 2858 971 2920 iis
988 2857 1073 2940 ipsis,
1092 2859 1127 2920 dc
1139 2858 1245 2939 quibus
1256 2857 1323 2918 mihi
1337 2877 1446 2922 sermo

168 2959 174 2965 ’
219 2955 279 3022 cst,
304 2944 493 3025 temporibus,
517 2943 704 3006 Constantini
721 2943 764 3007 M.
781 2954 906 3007 nentem
922 2945 1174 3019 antecedentibus,
1198 2945 1275 3005 festa
1293 2942 1447 3009 nonnulla

205 3030 423 3103 ,anniversaria
437 3029 571 3094 instituta
586 3042 664 3093 sunt.
702 3030 777 3092 Nam
792 3031 824 3089 in
840 3033 913 3092 haec
931 3042 1061 3110 tempora
1077 3031 1178 3093 incidit
1194 3027 1278 3108 origo
1298 3031 1355 3090 τοῦ
1370 3021 1445 3089 πά..

217 3139 331 3199 uxoren
345 3107 572 3196 σταυρῶσιμου,
587 3117 618 3175 h.
636 3136 662 3175 e.
680 3114 763 3190 origo
779 3113 847 3174 festi
864 3113 894 3174 in
910 3116 1012 3176 mortis
1029 3115 1139 3177 Christi
1155 3125 1183 3176 et
1198 3136 1322 3193 coenae,
1344 3118 1381 3177 ab
1398 3136 1445 3180 eo

125 3236 129 3247 ·
162 3227 167 3231 ·
216 3203 386 3277 institutae,
410 3199 579 3261 memoriam
595 3196 733 3260 celebrati
743 3197 841 3275 111),
865 3200 1088 3277 qnocnnr'breri
1104 3208 1173 3281 post
1188 3191 1224 3261 τὸ
1242 3191 1345 3282 πάσχα
1359 3195 1445 3263 ἄνα.

216 3278 383 3365 στάσιμον,
406 3287 436 3349 Ιι.
456 3306 481 3348 c.
499 3282 616 3360 festum,
640 3302 697 3364 quc
715 3281 824 3345 Christi
841 3283 962 3348 redivivi
979 3286 1116 3348 memoria
1135 3287 1335 3365 recolebatur,
1360 3308 1443 3350 con-

215 3372 346 3435 iunctum
369 3382 423 3435 est.
465 3372 557 3448 Porro
582 3369 766 3432 adnumerari
791 3372 876 3433 debet
898 3371 998 3449 lestis,
1023 3362 1080 3435 bac
1100 3384 1195 3436 aetate
1218 3375 1303 3452 ortis,
1327 3375 1441 3439 festum

215 3468 401 3541 pentecostes
418 3452 531 3542 (ἡμέρα
543 3454 603 3518 τοῦ
618 3452 821 3541 πνεῦματος),
838 3479 896 3539 qno
911 3461 1028 3539 agendo
1045 3459 1175 3523 recolere
1191 3463 1336 3525 debebant
1345 3461 1444 3526 Chri-v

213 3671 348 3715 menstrua
367 3662 418 3725 dic,
438 3660 576 3726 vcl'qunnt
597 3660 669 3726 velit,
689 3666 715 3712 et
734 3662 757 3712 si
776 3662 849 3713 modo
868 3663 960 3729 possit,
980 3663 1094 3732 apponit.
1125 3662 1190 3727 Nam
1210 3681 1284 3718 nemo
1303 3665 1440 3734 compelli·
1472 3626 1482 3664 ²

213 3737 268 3797 tur,
285 3730 331 3782 sed
349 3736 440 3796 sponte
461 3728 569 3778 offert.“

123 3789 129 3796 ’
234 3838 237 3844 .
286 3798 315 3864 *)
336 3814 362 3851 v.
381 3798 439 3851 Act.
459 3797 503 3861 20,
524 3796 549 3848 7.
570 3796 583 3847 1
605 3794 730 3861 corinth,
745 3799 787 3863 16,
808 3799 884 3856 1-2.
902 3800 1010 3868 Αροοιί,
1031 3800 1180 3867 1,10.(11.
1202 3802 1353 3853 mentorem·
1367 3819 1440 3857 cour-

213 3874 294 3921 tucnt.
315 3867 341 3917 iu
360 3865 514 3932 Apocalyps.
535 3881 562 3930 p.
581 3864 694 3917 stt-tt.

282 3933 322 4000 **)
342 3949 371 3985 v.
385 3933 520 4000 epistolam
533 3934 686 3998 Barnabae,
712 3950 736 3984 c.
758 3934 800 3986 15.
823 3948 848 4001 p.
867 3935 912 3988 47.
931 3943 994 3988 tom.
1014 3935 1035 3988 l.
1056 3935 1122 4005 Opp.
1141 3935 1190 3990 PP.
1209 3940 1299 4006 Apost.
1319 3940 1436 3992 exedit.

145 4048 151 4053 ,
213 4002 299 4086 Εοιοι.
322 4006 450 4058 --Ιιιιι
473 4005 518 4081 Μ..
543 4000 664 4082 Apulos..
681 4000 714 4054 11.
747 4019 773 4069 p.
798 4004 842 4054 98.
882 4003 962 4056 Plura
988 4007 1064 4071 loca,
1092 4007 1139 4059 sed
1167 4009 1293 4059 seriorum
1322 4006 1436 4060 monime

212 4069 1085 4209 scrlllltbhmb.cbbbhsrhbbicllitbltblt.aiubis¹ecblttibbtenntiqni
1103 4161 1130 4212 p.
1149 4144 1193 4201 23.
1211 4144 1255 4199 21.
1418 4110 1420 4121 Ι

212 4262 215 4267 ,
281 4207 313 4274 1)
332 4222 358 4258 v.
380 4206 449 4256 idem
467 4205 862 4274 morimundensem
1012 4218 1015 4221 ’

212 4310 214 4317 .
280 4277 335 4342 11)
356 4291 383 4326 v.
406 4275 515 4327 Tertull.
534 4274 566 4323 de
585 4280 653 4325 orat.
672 4289 696 4324 c.
720 4273 761 4325 tn.
791 4274 1001 4345 Ci.4Bingbnmi
1018 4280 1083 4343 orig.
1104 4280 1198 4331 eccles.
1219 4277 1271 4328 vol.
1282 4275 1314 4329 V.
1334 4279 1432 4344 1282.

280 4342 356 4409 111)
374 4359 401 4395 v.
415 4342 525 4395 Ternarii.
536 4341 568 4392 dc
582 4349 651 4395 orat.
670 4358 694 4392 c.
707 4341 749 4393 11.
772 4341 844 4406 Quae
863 4353 1001 4411 praetereo
1019 4347 1069 4399 huc
1086 4347 1218 4412 pertinent
1238 4346 1307 4409 ioca,
1326 4347 1434 4411 sonent

210 4409 415 4487 Mcthmiutin
436 4409 723 4472 communionibus
743 4409 885 4493 Christian.
905 4421 966 4469 autc
983 4415 1122 4470 Constant.
1135 4412 1177 4468 tt.
1199 4431 1226 4481 p.
1246 4414 1357 4491 l37sq.
