3067 5075
388 256 601 323 de'ernrmsurl
618 255 734 340 ungine
750 265 779 321 et
794 257 966 323 mutatione.
1221 256 1286 329 149

57 444 116 498 tun
130 432 291 512 insenius,
307 432 492 512 uehementer
501 454 671 516 repugnare
684 434 809 497 ridetur.
830 434 985 517 anquau
1001 454 1071 499 rero
1086 433 1172 498 mehe
1188 435 1285 516 etiam,

58 524 162 605 qubus
180 542 319 603 corpore
333 521 414 585 effici
430 522 535 600 solent,
561 523 695 602 baptismi
712 521 843 586 remedio
861 545 1035 606 quemquam
1053 523 1187 585 erasisse
1204 523 1286 605 legi-

55 632 127 688 um,
144 610 223 691 qm‘c
239 609 344 691 potins
360 610 552 685 exorcismus,
577 610 628 672 ubi
646 610 789 691 baptismo
806 612 995 693 conjunctum
1013 633 1079 675 eum
1096 611 1285 674 animadver-

57 711 108 773 tas,
129 697 172 761 nil
190 696 279 761 aliud
297 710 357 774 est,
381 719 468 780 quen
484 698 553 760 illae
568 720 622 780 pro
639 699 858 761 catechumenis
875 701 940 762 Deo
956 699 1052 761 dictae
1067 699 1215 779 seriisque
1232 720 1286 762 ce·

55 786 195 849 remosiis
212 786 395 868 conjunctus
413 788 566 867 preces*).
606 785 788 868 cyrillus
812 787 913 867 igitur,
937 808 1026 869 qnam
1041 786 1194 867 monet**)
1210 787 1284 849 illn-

57 875 210 937 minnndas
228 893 260 935 s.
282 883 498 955 competentes,
523 886 556 935 ut
581 873 764 947 exorcismus
788 895 876 955 quam
895 875 1060 937 arctissime
1077 875 1284 937 catechesibus

59 964 281 1044 conjungetur,
306 963 434 1043 dicitque
451 962 528 1025 siem
543 960 622 1041 ignis
639 962 721 1040 anri,
746 963 789 1025 ita
806 963 1000 1026 exorcismum
1018 983 1085 1025 esse
1101 983 1285 1043 purgamen,

57 1061 113 1113 teu
130 1050 248 1111 animi:
274 1049 324 1111 ria
348 1050 479 1130 prolecto
494 1061 641 1113 'toutorta
665 1052 701 1112 de
725 1050 879 1113 sanatione
902 1050 1034 1132 corporis
1057 1051 1220 1131 mediisque
1244 1052 1282 1113 ad

58 1139 131 1200 bunc
151 1135 247 1200 finem
273 1137 392 1201 idoneis
416 1149 564 1200 auctorem
590 1137 768 1200 disseruisse
792 1138 969 1202 dictitasses.
1009 1139 1074 1201 lloc
1097 1138 1123 1200 si
1149 1137 1311 1219 prolerre.
1406 1177 1411 1183 ·

30 1278 31 1283 ,
59 1224 138 1302 selis,
153 1228 353 1289 statuendum
369 1236 457 1303 esset,
476 1226 523 1289 rel
543 1246 653 1298 omnes,
672 1228 799 1287 nondum
817 1227 977 1288 christiana
994 1225 1138 1305 religione
1152 1225 1282 1287 imbutos

60 1312 163 1377 morbis
178 1313 283 1376 inisse
302 1321 475 1394 correptosq
500 1311 547 1375 rel
565 1312 651 1375 ctiam
669 1313 868 1390 catechismus,
894 1334 1058 1375 sermonem
1076 1332 1162 1375 suum
1178 1314 1208 1373 in
1227 1332 1282 1375 eos

58 1399 259 1478 solummodo,
288 1402 337 1482 qui
355 1402 440 1464 unalis
464 1399 667 1481 corporalibus
691 1400 802 1483 fuerint
826 1400 943 1476 afflicti,
972 1401 1111 1462 directum
1129 1401 1280 1465 habuisse.

63 1489 153 1566 Quor,
171 1492 328 1570 quomodo
341 1489 519 1553 alterutrum
529 1490 560 1550 in
576 1500 700 1551 mentem
716 1489 767 1549 tibi
782 1489 889 1569 veniat,
906 1487 1016 1552 nescio.
1039 1489 1084 1550 Ne
1100 1499 1196 1549 autem
1213 1488 1282 1549 lou-

60 1576 122 1655 gius
139 1580 357 1655 decurramus,
382 1586 459 1640 totus
477 1576 619 1639 orationis
635 1597 731 1638 nexus
746 1578 894 1658 hujusque
916 1576 991 1638 ritus
1011 1585 1068 1638 taur
1086 1596 1177 1637 eausa
1192 1596 1280 1657 quam

63 1663 177 1741 ellectus
194 1665 283 1727 clare
300 1668 422 1738 elocent,
447 1665 627 1727 exorcismos
651 1663 743 1742 nihil,
768 1664 826 1725 nisi
844 1663 1029 1745 precationes
1046 1675 1075 1724 et
1097 1662 1281 1726 ceremonias

61 1750 158 1824 leuse,
174 1752 230 1815 illa
246 1774 318 1815 cum
335 1753 494 1834 prolixiore
511 1756 546 1814 ad
564 1752 738 1832 baptismum
756 1751 939 1814 institutione
956 1753 1138 1833 conjunctas

141 1842 305 1922 Tempus,
332 1862 389 1923 quo
413 1843 491 1902 bunc
507 1833 593 1903 rituui
612 1860 756 1921 peragere
772 1840 906 1902 solebant
929 1839 959 1900 in
984 1836 1279 1916 divorsisocnlesiis,
1314 1876 1320 1883 -

65 1926 142 1988 eticut
157 1929 215 1993 fuit
231 1930 394 1992 diversum.
430 1930 482 1991 Sic
498 1929 574 1990 enim
590 1927 806 2008 Hierosolymis
821 1942 888 1989 ante
907 1926 1127 2006 proeatechesiu
1144 1927 1281 1987 exorcis-

64 2034 123 2076 mos
137 2016 348 2098 suscipiebant
365 2016 531 2092 auditores,
558 2018 634 2097 quod
654 2027 768 2077 coastat
787 2036 822 2077 ex
841 2012 1040 2093 Cyrillo***)3
1068 2015 1282 2093 praecedebant

65 2101 203 2166 inundent
221 2105 354 2167 eeclesia
373 2103 529 2167 exorcismi
548 2103 714 2166 catechesin
725 2103 770 2178 †).
809 2101 894 2163 Alius
920 2122 983 2163 mos
1009 2101 1039 2161 ia
1065 2098 1194 2163 ecclesia
1218 2111 1281 2162 erat

66 2189 259 2269 butiochenaq
284 2193 447 2255 catechesis
463 2188 950 2271 exorcismumpraeoonobat††).

144 2280 323 2344 crebriores
339 2280 435 2343 fuisse
453 2280 648 2357 exorcismos,
673 2278 809 2360 pluribus
826 2299 863 2340 ex
878 2276 952 2338 loris
968 2274 1199 2355 apparct†††);
1223 2296 1280 2338 nec

67 2363 92 2425 it
107 2364 209 2446 selam,
235 2371 294 2432 sed
311 2368 395 2431 vaide
406 2380 495 2433 *erant
512 2389 628 2449 quoqne
645 2366 762 2447 prolixi,
783 2365 920 2448 quoniam
937 2364 1104 2445 baptizandi
1121 2363 1196 2445 alter
1213 2373 1281 2444 post

69 2450 180 2519 alteram
204 2455 524 2533 exorcizabaator†‘).
565 2458 665 2532 Quare
684 2454 859 2535 quibusdam
876 2452 951 2515 haec
974 2451 1141 2514 ceremonia
1164 2452 1281 2513 incoru-

70 2542 151 2604 modis
165 2545 274 2626 juncta
290 2546 386 2609 luisse
403 2532 527 2609 videtui.
564 2544 638 2606 Erat
654 2564 771 2625 quoque
789 2544 865 2605 hano
886 2543 923 2603 ab
939 2562 1060 2604 eausam
1080 2541 1214 2620 probatio
1232 2551 1281 2602 at-

71 2649 118 2707 que
133 2636 365 2712 experimentum
381 2633 516 2695 sincerae
532 2632 733 2694 accedentiam
752 2630 1000 2707 rolaatatis†**),-
1019 2632 1094 2709 quod
1113 2638 1291 2689 constanter·

70 2725 97 2776 ut
111 2720 301 2797 sustinerent,
319 2723 359 2783 ita
377 2720 577 2784 exhortantem
594 2719 680 2781 audis
698 2719 873 2797 Gregoriour
890 2719 962 2780 Nan.
973 2715 1078 2795 †***):
1106 2716 1172 2790 „Ne
1189 2737 1279 2804 exor-

71 2802 141 2866 cismi
167 2808 344 2872 medisinam
367 2829 493 2891 respuas
521 2829 576 2869 nec
600 2809 637 2868 ob
661 2807 742 2869 illius
766 2806 978 2886 longitudinem
1006 2803 1104 2866 animo
1129 2804 1280 2866 concidas.

71 2890 135 2954 Nem
157 2894 186 2958 id
211 2919 334 2980 quoque
358 2898 439 2961 velut
460 2895 537 2977 lapis
563 2895 680 2977 quidam
705 2894 816 2976 Lydius
840 2905 903 2969 est,
928 2896 965 2954 ad
990 2912 1075 2974 quem
1099 2892 1280 2974 exploretur,

72 2999 146 3059 quem
158 2984 280 3049 sineere
293 2986 422 3069 quisque
438 2994 556 3068 pectore
572 2985 609 3046 ad
625 2983 801 3063 baptismum
819 2982 973 3043 accedat.“

79 3141 282 3163 ““··--ι

131 3239 158 3308 ’)
176 3242 241 3306 ilinc
262 3252 312 3309 est,
332 3245 398 3311 quod
417 3244 533 3296 nonnulli
549 3243 692 3310 scriptores
710 3241 881 3293 exorcismum
899 3239 925 3290 in
943 3237 1070 3304 baptismo
1086 3235 1187 3292 reterre
1204 3234 1281 3302 plene

29 3353 35 3363 .
55 3306 198 3378 ,onitroot3
218 3321 366 3367 memorant
383 3321 469 3365 temen
489 3314 642 3373 orationem,
663 3312 694 3364 ud
714 3311 926 3377 baptizandorum
946 3308 1054 3359 salutem
1074 3306 1281 3373 consequendum

77 3372 193 3441 habitem
212 3383 246 3434 ct.
267 3383 373 3435 Basil.
394 3383 483 3433 homil.
505 3382 546 3434 13.
566 3385 591 3449 p'.
611 3382 676 3445 1193
695 3379 836 3449 congor.
857 3378 952 3446 Nyso.
973 3384 1040 3427 oret.
1060 3377 1162 3426 catech.
1182 3374 1279 3440 psus.

78 3438 140 3506 bere
156 3448 281 3504 tamarae
293 3454 390 3503 lterum
411 3450 508 3504 tuerint
526 3451 713 3516 precationum,
734 3449 825 3499 nullibi
844 3448 929 3516 operit
949 3461 996 3497 nec
1015 3445 1127 3513 Cyrillus
1149 3459 1196 3495 uec
1214 3444 1282 3494 elius

78 3513 166 3575 quiden
190 3530 283 3573 auctor
306 3522 421 3585 dicitque
446 3520 604 3572 solummodo
631 3520 693 3581 ille,
723 3519 881 3569 exorcismos
906 3516 1007 3566 diuinos
1039 3529 1097 3565 osse
1124 3529 1156 3565 ex
1186 3513 1282 3564 divinis
1314 3535 1321 3578 '.

77 3585 197 3650 ”narnis
215 3592 349 3643 collectos.
370 3588 447 3643 Patet
463 3591 579 3655 insuper,
600 3595 675 3640 extre
693 3603 785 3655 preces
802 3586 970 3643 exorcismos,
990 3582 1189 3654 iusnidutiones,
1211 3582 1283 3632 datu·

77 3661 126 3702 ¹¹²0
148 3651 227 3710 instet·
250 3662 389 3712 daemones
410 3661 442 3711 ad
471 3658 673 3721 comburendos,
700 3673 747 3707 nec
775 3672 824 3705 non
849 3652 1062 3719 baptizandorum
1087 3650 1282 3719 perunctionem

78 3714 121 3771 aa
136 3728 300 3781 confloruisse.
323 3728 431 3780 Cuteeh.
453 3728 495 3783 16.
519 3744 544 3778 o.
566 3728 607 3779 tt.
630 3744 655 3793 p.
675 3726 744 3788 2543
763 3725 807 3787 20,
829 3724 855 3776 3.
877 3723 937 3777 312.

134 3790 174 3852 ”t
190 3795 344 3850 Proestnch.
367 3814 393 3850 ιι.
413 3798 439 3851 b.
462 3814 487 3864 p.
510 3797 555 3849 7.ι
578 3796 634 3859 „Oi
650 3788 738 3852 rro'olrc
759 3808 811 3844 nov
829 3793 867 3850 εις
883 3788 932 3849 τὰς
951 3783 1112 3856 rotagicum
1129 3785 1284 3840 σπευδέτω

79 3865 139 3904 ⁰⁶7·
157 3860 217 3924 τοὺς
234 3863 421 3935 ἔπορκισμοὺς
438 3865 502 3935 slepe
518 3862 589 3936 μετὰ
608 3861 748 3929 σπουδῆς·
770 3858 824 3931 κᾷν
842 3859 1015 3931 ἐμφυσηθῇς,
1034 3853 1090 3927 κᾷν
1107 3856 1284 3931 ἔπορκισθῇς,

78 3933 183 3994 durqpta
200 3948 244 3987 noe
263 3934 293 3987 τὸ
310 3936 451 4004 πρᾶγμα“
469 3938 527 3990 κτλ.

134 3997 198 4067 Ψ)
216 4004 320 4058 Proeet.
343 4021 370 4057 u.
390 4006 415 4058 9.
437 4023 464 4073 p.
484 4006 509 4058 7.

134 4065 162 4131 ’a
182 4070 245 4126 ιιιι.
266 4076 286 4127 ι.
305 4091 330 4127 e.
350 4082 376 4129 et
395 4091 420 4127 ι.
440 4075 484 4128 ιι.
503 4091 529 4141 p.
548 4074 575 4126 a.
599 4072 707 4124 cansa.
729 4070 750 4122 1.
774 4086 799 4124 ι.
820 4070 847 4121 ι.
868 4085 894 4137 p.
916 4068 959 4123 re.

135 4136 186 4205 ii)
206 4142 468 4213 chrysostomus
486 4145 513 4194 in
534 4142 555 4195 1.
576 4143 609 4193 ud
628 4142 739 4193 illumin.
759 4139 867 4190 Catecb.
890 4155 916 4189 ιι.
935 4139 966 4194 2.]
983 4154 1009 4206 p.
1028 4133 1090 4192 227.

137 4207 207 4276 †††)
220 4211 345 4281 Equiti.
364 4214 467 4265 cemeb.
487 4213 508 4264 1.
529 4229 554 4264 ιι.
577 4213 602 4264 5.
622 4227 647 4278 p.
668 4211 710 4264 18.
734 4208 890 4262 Clementia.
910 4209 979 4260 boat.
999 4206 1028 4261 3.
1047 4222 1074 4257 ιι.
1094 4204 1154 4258 ts·

30 4307 32 4310 ·
138 4272 220 4336 †*)(l
240 4283 291 4333 riti.
312 4283 462 4350 proestecb.
484 4298 511 4333 n.
532 4282 573 4334 11.
593 4297 619 4349 p.
639 4281 680 4335 10.
1188 4339 1196 4355 ⁴
1243 4339 1250 4355 .

139 4342 204 4413 θ’)
292 4353 347 4416 tet,
366 4355 433 4419 que's
451 4351 592 4418 proscribit
604 4351 663 4416 jem
680 4349 838 4401 exorcisatts
857 4348 890 4400 ed
908 4354 1021 4415 suasque
1040 4344 1131 4408 sedes,
1152 4340 1197 4394 abr
1215 4340 1282 4394 elros

83 4412 218 4472 meeum
235 4421 373 4485 debebunt,
394 4421 508 4474 reversis
529 4420 582 4473 vid.
601 4433 644 4487 ep.
664 4418 786 4489 cyrill.
805 4419 826 4471 1.
841 4433 867 4469 c.
962 4445 966 4454 ·

141 4480 218 4553 lm)
239 4488 313 4543 Oret.
330 4491 375 4555 Ab.
910 4504 915 4512 ¹
