3067 5075
232 269 299 349 rto
374 234 378 241 ’
619 260 740 331 xxxv.
785 259 821 325 c.
837 258 873 329 a.
889 257 1045 345 wetttirg

236 444 381 507 debtntnr
395 448 505 523 partes.
532 438 632 501 Prima
648 435 811 517 baptisterii
827 455 898 517 pars
914 433 1066 499 dicebatur
1082 420 1253 517 spondiaco
1269 424 1367 509 oleon,
1385 451 1468 517 por-

215 558 217 565 ’
237 533 314 597 tirus
332 535 435 592 domus
452 525 632 610 baptisterii,
650 525 743 587 altera
759 545 827 586 vero
846 513 993 600 ionlrepne
1011 514 1103 597 olane,
1126 520 1248 597 interior
1265 523 1387 583 domus.
1433 520 1467 589 lp

235 622 329 705 prima
350 619 437 701 hujus
460 626 543 699 parte
568 613 767 678 catechumeni
795 611 1002 673 renuntiabant
1024 609 1140 675 diabolo
1158 609 1367 694 omnibusque
1393 608 1467 689 ejus

236 709 392 791 operibus,
418 707 537 768 alteram
555 724 624 766 vero
641 714 752 787 partem
771 710 844 762 teste
862 699 1025 781 flinglnamo
1037 698 1065 780 ⁶)
1091 697 1225 779 baptismi
1244 696 1344 778 ipsius
1363 696 1469 758 admi·

236 793 402 859 nistrationi
428 795 627 857 reservabant.
665 790 697 852 lu
723 790 819 850 medio
842 788 931 870 lrujns
954 786 1115 869 baptisterii
1138 786 1235 849 stabat
1258 784 1402 866 piscina,
1432 806 1468 859 ex

238 888 311 945 duro
334 883 430 959 lapide
452 880 596 964 pretioso,
620 900 711 961 saepe
728 897 888 939 marmoreo
914 886 942 938 et
958 875 1159 959 porphyretico
1186 880 1359 951 exstructa,
1387 870 1469 937 alias

237 961 452 1053 κολυμβήθρα
468 980 540 1032 teste
557 967 774 1048 Ringbamo**)
792 967 879 1041 dicta,
897 963 927 1025 in
945 985 1030 1046 quam
1048 985 1112 1024 curu
1129 961 1230 1038 adulti,
1248 973 1309 1022 tunt
1327 960 1469 1023 infantes

236 1059 495 1137 immergebantur.
517 1057 588 1118 lude
606 1077 712 1118 nomen
729 1055 822 1116 sortiti
839 1053 970 1115 ridentur
987 1050 1146 1113 Christiani
1162 1050 1192 1111 oi
1207 1046 1264 1130 τῆς
1281 1045 1347 1108 τοῦ
1363 1036 1470 1110 πνεύ-

237 1167 335 1224 ματος
350 1137 579 1226 κολυμβήθρας
594 1133 668 1205 vic'o.
700 1143 794 1221 Quem
812 1145 847 1205 ad
867 1143 981 1207 modurn
999 1151 1096 1201 autem
1112 1138 1141 1199 in
1161 1136 1306 1220 primitiva
1328 1136 1469 1199 ecclesis

240 1235 346 1316 optimo
368 1234 509 1315 justoque
533 1232 634 1293 ordine
653 1253 700 1293 res
718 1232 932 1312 procedebant,
956 1228 996 1291 ita
1019 1228 1105 1290 etiam
1124 1227 1154 1287 in
1172 1224 1364 1309 baptizandis
1384 1237 1470 1286 cate-

240 1320 391 1386 chumenis
407 1319 587 1400 singularem
605 1319 754 1382 habebant
771 1316 1022 1380 consuetudinem.
1052 1316 1118 1377 Non
1134 1314 1302 1395 promiscue
1317 1311 1469 1392 singulos

238 1411 392 1491 utriusque
409 1430 499 1470 sexus
523 1408 649 1479 infantes
666 1419 716 1470 aut
739 1408 854 1468 adultos
873 1427 933 1469 uno
957 1406 1117 1484 codemque
1141 1403 1207 1477 locn
1230 1401 1469 1482 immergebant,

189 1574 194 1587 .
238 1501 291 1561 sed
317 1499 370 1561 illa
393 1487 604 1578 κολυμβήθρα
629 1517 655 1559 s.
684 1496 799 1576 piscina
822 1494 913 1573 lignis
937 1493 1005 1555 inde
1028 1513 1048 1555 a
1071 1501 1148 1553 terra
1173 1489 1381 1571 surgentibus
1411 1499 1471 1553 crat

239 1587 393 1662 distincta,
418 1588 492 1646 adeo
510 1596 541 1645 ut
557 1585 587 1643 in
603 1605 663 1645 una
678 1584 766 1663 hujus
784 1594 865 1664 parte
885 1580 1031 1658 masculi,
1050 1579 1080 1640 in
1098 1580 1190 1641 altera
1207 1600 1275 1641 vcro
1294 1599 1403 1640 sexus
1422 1600 1470 1641 sc-

239 1675 324 1756 quior
340 1673 513 1754 baptismum
530 1670 777 1752 acciperent⁰*).
794 1705 838 1716 -
861 1667 888 1751 ᾗ.
906 1671 937 1731 5.
955 1668 1024 1729 Mos
1042 1688 1098 1728 non
1117 1668 1234 1728 omnino
1251 1667 1469 1751 vituperabilis

239 1759 406 1823 invaluerat
423 1760 452 1820 iu
468 1761 614 1842 primitiva
631 1758 774 1837 ecclesia,
798 1765 831 1820 ut
849 1756 954 1830 omnia,
978 1777 1054 1837 quac
1070 1757 1180 1829 cultum
1198 1750 1356 1836 publicum
1379 1776 1469 1836 spec-

241 1851 357 1926 tabant,
381 1848 505 1910 solemni
529 1847 631 1926 ritu†)
657 1857 874 1909 consecrarent.
913 1845 1098 1925 Separabant
1120 1846 1174 1906 hoc
1198 1842 1262 1924 ipsc
1288 1854 1368 1904 actu
1387 1864 1470 1905 resa

241 1937 386 1999 communi
410 1950 497 2020 atque
521 1935 688 2020 promiscuo
712 1958 770 1999 usu
794 1955 904 2018 easque
929 1934 1099 2014 saeras††)
1129 1935 1167 1994 ad
1194 1931 1304 1994 cultum
1329 1932 1470 1999 diuinum

459 2095 461 2099 .
1321 2064 1332 2093 ἱ

241 2204 342 2249 nerent.
379 2195 504 2247 Africana
532 2211 631 2261 qnoque
659 2194 771 2246 ecclesia
795 2194 821 2244 in
848 2194 971 2260 paschate
997 2198 1024 2244 ct
1048 2197 1197 2258 pentecoste
1218 2189 1362 2255 baptizare
1395 2191 1470 2243 solita

242 2266 292 2317 tuit
312 2272 379 2316 teste
404 2263 565 2315 Tertulliano
589 2266 621 2312 de
646 2264 718 2327 bapt.
746 2263 788 2313 19.
817 2264 875 2328 qui,
901 2263 967 2313 diem
992 2261 1171 2311 solemniorem
1195 2258 1337 2325 baptismi,
1375 2260 1468 2327 inquit,

241 2337 339 2402 pascba
359 2340 491 2399 praestat,
513 2348 570 2383 cuna
589 2339 617 2383 ct
636 2332 722 2398 passio
741 2330 859 2394 Domini,
880 2331 906 2383 in
926 2346 1001 2397 quarn
1019 2331 1157 2394 fingimur,
1179 2328 1322 2395 adimpleta
1341 2337 1404 2382 est.
1440 2328 1469 2381 Et

241 2403 332 2470 paucis
351 2402 496 2467 interjectis
514 2402 552 2452 ita
572 2401 668 2453 babet:
704 2399 805 2451 Exinde
823 2400 973 2466 pentecoste
993 2399 1144 2450 ordinandis
1167 2399 1279 2449 lavacris
1304 2398 1470 2457 latissima

244 2473 357 2606 {lilii
372 2469 655 2590 t'ett'tt‘ltttt
672 2469 914 2589 {tttttttlttt
931 2468 1366 2589 5ῑῖθέἓέζᾷὛέῗῗζῗοὲἔ
1388 2466 1471 2588 ‘'’l'

392 2578 398 2589 .
734 2579 737 2584 ι
946 2557 960 2589 u
998 2575 1002 2587 .
1087 2565 1136 2590 .-
1368 2555 1396 2589 m
1417 2555 1472 2589 co·

242 2611 403 2660 suetudinem
424 2610 471 2660 sub
490 2556 776 2671 exouen'lroerbtm'us,
796 2610 838 2675 qni
859 2624 949 2659 nonam
966 2608 1083 2674 praecisa
1098 2607 1201 2657 sabbati
1219 2554 1359 2673 irascbalia
1384 2610 1470 2664 baran

242 2679 371 2745 baptismo
392 2678 572 2740 destinabant,
599 2678 630 2729 de
649 2679 741 2746 quibus
764 2678 818 2732 vid.
839 2676 971 2730 Viceooar.
992 2678 1024 2726 de
1049 2678 1163 2743 ontr'por'r
1183 2676 1308 2739 baptismi
1323 2678 1434 2730 νιίῶω
1449 2681 1470 2730 t.

242 2748 355 2805 21-26.
378 2764 409 2798 ca
428 2749 528 2813 quidem
547 2747 653 2797 adducti
673 2749 790 2809 ratione,
818 2748 878 2813 qnia
898 2748 947 2797 bac
971 2748 1035 2797 bora
1052 2745 1103 2796 diei
1121 2745 1237 2809 ‘angelus
1258 2744 1290 2794 ad
1313 2744 1470 2797 Cornelium

242 2818 345 2868 venerit
365 2833 472 2883 euinque
491 2818 663 2880 admonuerit,
684 2824 714 2866 ut
731 2816 762 2865 ad
783 2815 886 2866 Petrum
905 2816 1029 2877 mitteret,
1046 2815 1089 2880 qui
1108 2830 1165 2864 eum
1185 2814 1347 2880 baptizaret.
1393 2816 1470 2867 Nobis

245 2887 312 2937 enim
338 2888 386 2936 bac
411 2888 436 2936 in
462 2903 489 2937 rc
514 2888 615 2937 omnino
636 2886 740 2936 humaui
762 2885 821 2951 qnid
841 2885 910 2951 passi
932 2885 1061 2934 videntur.
1098 2881 1136 2932 De
1164 2890 1279 2950 ternpore
1310 2890 1410 2940 autem
1431 2885 1471 2936 lta·

242 2956 329 3028 ptisnri
350 2956 498 3006 solemniori
518 2956 577 3006 vide
597 2954 804 3022 Quenstedtiutn,
822 2956 851 3004 in
868 2953 1069 3022 antiquitatibus
1085 2952 1146 3003 titt.
1167 2961 1193 3002 et
1212 2954 1301 3006 eccles.
1322 2968 1354 3020 p.
1370 2955 1468 3008 Sdbts.

312 3040 342 3108 *)
366 3044 441 3109 Orr'g.
458 3044 530 3098 Eccl.
548 3043 574 3109 8,
597 3042 623 3094 7.

312 3145 357 3212 **)
378 3147 476 3208 ltingt.
498 3147 516 3199 l.
535 3164 556 3200 c.
578 3145 604 3196 ⁷.
626 3145 653 3212 §.
674 3145 699 3196 l.

313 3247 369 3314 m)
396 3247 546 3298 narraturo
574 3246 658 3295 aaran
691 3261 740 3296 nan
766 3247 799 3296 aa
825 3246 910 3298 tonum
933 3246 1070 3312 Augustini
1102 3247 1134 3295 aa
1166 3247 1214 3299 aa.
1242 3247 1301 3300 nee
1328 3249 1383 3306 aa.
1417 3227 1470 3306 eia

244 3318 385 3381 Bingbnmo
411 3317 520 3381 aliisque
546 3330 731 3380 provocamus,
762 3315 887 3382 siquidem
912 3318 1021 3367 maxime
1041 3317 1133 3368 dubius
1154 3323 1231 3381 atque
1251 3323 1372 3370 vexatus
1385 3322 1470 3374 ,nobis

243 3388 357 3437 videtur.
386 3382 442 3434 Non
462 3384 528 3434 enirn
548 3384 657 3433 disserte
675 3384 777 3446 usserit,
798 3387 864 3450 quod
882 3386 946 3435 baec
965 3400 1034 3452 pars,
1054 3402 1128 3452 qnam
1146 3386 1260 3452 appellat
1278 3385 1469 3454 foeminarum,

244 3455 367 3507 fueritin
389 3448 570 3518 κολυμβήθρᾳ
590 3469 611 3503 s.
634 3453 747 3519 piscina,
768 3454 857 3505 sedin
878 3469 972 3518 genere
991 3454 1054 3506 dicit
1072 3455 1151 3505 luisse
1171 3461 1269 3520 partem
1289 3454 1469 3512 foeminarum

243 3526 270 3598 ip
290 3525 453 3590 baptisterio,
474 3523 505 3574 nd
525 3537 599 3590 quarn
619 3524 753 3574 attendere
773 3524 892 3575 debuerit
910 3524 1022 3574 foemina
1039 3524 1086 3575 illa
1104 3530 1252 3586 aegrotans.
1282 3523 1359 3578 llaec
1381 3517 1469 3580 auten

244 3594 375 3661 separatio
396 3593 526 3644 comrrrode
551 3593 629 3643 etiarn
654 3594 684 3644 dc
708 3594 752 3643 illa
778 3594 860 3660 accipi
886 3600 986 3659 potest,
1011 3608 1061 3659 qun
1086 3593 1217 3660 primitiva
1236 3593 1352 3645 ccclesia
1377 3599 1469 3658 sedum

244 3665 355 3726 curavit,
375 3670 405 3715 ut
423 3664 523 3730 quoties
541 3663 590 3712 viri
609 3663 708 3730 pariter
727 3670 753 3714 et
773 3663 900 3713 foeminae
920 3662 944 3712 in
963 3662 1046 3712 sacris
1066 3659 1244 3725 convenirent,
1266 3678 1328 3714 ase
1350 3664 1470 3728 invicem

206 3758 218 3783 a
244 3734 328 3799 spatio
346 3734 453 3798 quodam
474 3732 609 3796 interjecto
632 3728 850 3795 disjungerentur.
887 3729 939 3781 Nos
959 3730 1043 3797 potina
1062 3747 1107 3797 pro
1127 3732 1268 3782 asserenda
1286 3731 1336 3783 bac
1360 3744 1471 3792 saurea-

244 3803 281 3851 tin
302 3818 470 3868 provocamus
489 3801 520 3851 ad
540 3801 630 3868 Cyrilli
651 3799 877 3869 Hierosolymitani
896 3800 1086 3865 testimoninm,
1113 3801 1155 3866 qni
1180 3801 1205 3849 in
1225 3799 1388 3858 Cotecbesia
1409 3821 1470 3874 aaut

263 3871 406 3921 raelntiona
426 3877 527 3932 monet,
550 3877 578 3920 ut
596 3872 645 3920 viri
663 3886 720 3921 cnm
739 3872 802 3920 viris
821 3876 848 3919 et
865 3869 986 3919 mulieres
1005 3885 1062 3919 curn
1080 3869 1231 3921 mulieribus
1249 3869 1276 3920 in
1294 3873 1469 3941 suscipiendo

243 3886 399 4005 laptisnrnte
417 3956 446 3989 se
464 3939 630 4004 conjungant.
662 3939 700 3989 Eo
719 3941 786 3989 enirn
805 3945 919 4004 tempore
938 3939 1096 3989 consuetudo
1115 3938 1273 4005 postulabat,
1294 3948 1324 3991 ut
1342 3945 1469 4008 vestipus

244 4009 367 4074 depositis
386 4009 539 4074 baptismum
559 4011 722 4075 acciperent,
749 4008 864 4072 adeoque
884 4022 941 4055 curu
960 4007 1045 4072 plures
1065 4008 1146 4059 adulti
1167 4007 1301 4075 utriusque
1326 4025 1418 4066 sexus
1436 4007 1470 4066 si-

242 4079 297 4129 mul
314 4078 519 4143 baptizarentur,
540 4078 630 4144 pudori
651 4078 698 4127 boc
716 4077 800 4127 medio
819 4076 954 4126 consulere
971 4075 1034 4143 ipsis
1052 4077 1159 4144 placuit.

216 4241 224 4246 ,
312 4183 346 4250 †)
365 4181 403 4233 De
422 4183 515 4236 ritibus
532 4180 736 4232 consecrationis
753 4180 807 4229 vid.
828 4183 972 4245 syntagma
991 4182 1157 4233 salmeriano.
1176 4185 1208 4230 Ρ.
1227 4183 1282 4234 111.
1299 4198 1330 4246 p.
1349 4182 1423 4239 614,

312 4287 370 4354 ††)
389 4284 445 4337 Non
462 4301 517 4336 earn
531 4285 557 4334 b.
572 4285 590 4335 l.
607 4298 682 4350 quam
692 4281 888 4334 llornnneusiom
905 4285 1055 4351 superstitio
1074 4292 1178 4337 strenue
1198 4284 1315 4338 defendit
1334 4292 1469 4344 sanctita·

242 4362 305 4419 tem,
325 4372 375 4422 qua
395 4371 436 4406 res
455 4354 580 4421 peculiari
599 4353 725 4420 qualitate
743 4353 872 4404 instructa
891 4369 906 4404 a
924 4354 999 4405 laicis
1016 4355 1087 4418 tongi
1105 4372 1154 4405 non
1174 4355 1276 4416 debent,
1295 4355 1468 4420 intellectam

242 4426 371 4477 volutans.
409 4424 480 4490 Haec
506 4424 572 4473 enirn
599 4438 615 4473 a
642 4429 727 4473 mente
749 4421 953 4476 Christianorum
981 4430 1096 4475 veterum
1123 4421 1172 4476 tuit
1199 4424 1374 4496 alienissima.
1417 4417 1467 4485 Sed

234 4495 318 4547 ‘nobis
336 4494 362 4548 h.
381 4495 401 4549 l.
421 4493 547 4547 sanctitas
564 4494 632 4547 idem
651 4499 691 4545 est
709 4508 740 4548 ac
757 4493 896 4548 destinatio
915 4495 949 4550 at
966 4509 1056 4550 sacros
1073 4509 1144 4546 usus.
