3067 5075
408 266 444 326 de
459 269 588 329 veterum
604 260 842 347 Christianorum⁴
854 263 970 347 agapis.
1223 262 1301 331 m

96 442 197 523 bunum
214 440 247 502 in
263 436 394 520 paschali
408 459 501 516 ooeua
518 459 552 505 se
565 438 768 503 conformasse
781 438 941 522 Christum,
967 438 1169 522 evangelistas
1183 441 1301 506 boesa

95 532 185 591 Lucas
202 526 263 605 22,
288 530 339 591 20.
364 536 504 609 testatur,
529 526 665 609 poculum
690 548 756 590 euru
779 529 938 604 sumsisse,
964 540 1120 611 postquam
1144 539 1302 594 cernerer
1390 573 1396 579 -

96 602 186 698 (perol
198 604 234 675 τὸ
260 607 462 696 δειπνῆσαι).
498 617 576 679 ldem
592 615 705 679 Paulus
722 616 831 679 latetur
855 619 870 680 l
890 617 960 681 (ior.
977 617 1029 694 11,
1045 620 1108 691 253
1131 637 1187 680 uec
1204 620 1302 683 obstet

78 705 190 766 blarru.
206 697 260 780 2'6,
278 705 330 767 26.
347 714 375 767 et
390 702 484 766 Mare.
503 686 554 781 lb,
572 707 623 765 22.
640 702 818 765 dedicetur
832 697 947 770 αὐτῶν.
976 706 1054 768 Turn
1072 706 1158 767 ebant
1173 703 1301 785 Plinius,

95 791 137 873 qui
153 800 287 854 accurate
312 791 342 851 in
357 791 490 854 instituta
507 791 737 855 Christianorum
760 786 972 874 inquisiverat,
997 792 1088 855 unius
1103 796 1301 857 tautummodo

96 879 208 943 convivii
227 888 305 941 stato
322 879 369 941 die
387 879 489 942 haberi
506 879 586 942 soliti
602 879 777 945 mentionem
793 880 875 944 facit.
900 915 939 929 -
965 881 1184 944 Aberravevuut
1199 881 1300 961 igitur,

96 968 136 1049 qui
152 989 186 1029 ex
204 964 386 1029 Tertulliani
404 967 530 1049 Apolog.
547 965 599 1031 34.
623 967 758 1031 evincere
784 970 958 1041 studebant,
984 970 1014 1030 iu
1037 968 1144 1051 agapis
1160 970 1301 1033 euchari·

81 1055 159 1139 Ιειίιιι
182 1055 297 1116 nullum
314 1076 400 1116 usnur
423 1056 538 1133 fnisse,
563 1058 639 1137 quod
658 1055 864 1117 Tertullianus
890 1055 920 1116 in
944 1055 1001 1119 lroc
1026 1056 1092 1119 loco
1116 1056 1205 1138 plane
1221 1059 1258 1120 de
1272 1077 1302 1125 ι.

97 1162 177 1206 coena
191 1151 297 1207 taceat.
329 1143 388 1207 Sed
406 1143 478 1207 nihil
493 1143 599 1206 exinde
616 1144 757 1224 sequitur.
789 1140 882 1209 Valde
899 1150 995 1207 ιιιιίιαι
1013 1147 1176 1208 cavendam
1192 1156 1247 1223 est,
1263 1166 1302 1208 rac

97 1230 226 1311 originem
243 1252 282 1293 ex
300 1232 515 1294 consuetudine
532 1234 727 1308 deducamus,
742 1244 828 1311 ¹spureae
850 1242 979 1312 tempore
995 1234 1110 1296 demum
1126 1236 1302 1312 procedente

96 1318 213 1382 invaluit.
250 1317 406 1381 decidisse
429 1318 487 1380 hoc
510 1319 625 1383 videtur
647 1314 791 1396 Justello,
815 1320 864 1401 qui
889 1338 1052 1400 agaparum
1077 1319 1190 1384 varium
1214 1324 1301 1385 usam

96 1406 200 1468 minime
215 1407 398 1488 respiciens,
424 1407 454 1468 in
479 1408 555 1470 notis
579 1409 616 1470 ad
636 1406 709 1469 Cod.
729 1427 834 1471 canon.
859 1407 988 1471 univers.
1008 1407 1117 1472 eccles.
1134 1410 1171 1469 ad
1196 1426 1302 1474 αιτιοι.

99 1497 139 1557 ll.
156 1493 259 1556 concil.
278 1494 447 1574 Gangrens.
465 1495 551 1557 nimis
569 1484 710 1557 audacter
725 1494 869 1557 affirmat:
893 1494 992 1557 Prima
1008 1504 1090 1559 erat:
1110 1486 1209 1578 ἄρτου
1225 1484 1302 1556 alri-

96 1602 150 1658 σαι
172 1585 306 1645 secunda
320 1603 390 1665 pars
408 1573 563 1667 ποτήριον
580 1580 639 1662 την
656 1577 814 1665 εὐλογίαις
837 1581 921 1643 tertia
939 1602 1008 1664 pars
1032 1572 1137 1666 ἀγάπη
1154 1583 1183 1644 h.
1201 1603 1228 1646 e.
1246 1602 1301 1655 so-

98 1670 178 1731 brium
193 1669 360 1759 convivium
379 1691 397 1733 a
414 1670 592 1733 cbrrsnams
614 1692 644 1731 ιιι
663 1669 791 1733 ecclesia
807 1670 951 1732 celebrari
975 1669 1105 1733 solitum.
1143 1668 1300 1736 Caeterum

98 1750 196 1838 agapae
213 1762 301 1820 modo
318 1768 395 1833 ante,
412 1760 496 1821 modo
513 1770 580 1839 post
597 1757 805 1820 eucharistiam
822 1757 1070 1843 celebrabantur,
1096 1758 1183 1836 Quod
1200 1780 1235 1822 eo
1252 1759 1300 1821 di·

96 1842 208 1909 lucidius
231 1845 405 1928 apparebit,
438 1846 464 1907 si
490 1845 664 1926 scriptorum
689 1844 958 1913 ceclesiasticorum
983 1845 1072 1908 locus
1090 1845 1121 1907 iu
1147 1853 1301 1929 utramque

98 1944 192 2012 partem
215 1934 475 2015 adsumpserimus.
522 1932 738 1996 Eucharistiam
771 1943 837 2014 post
861 1954 977 2015 agapas
999 1933 1098 1996 tuisse
1122 1932 1300 1998 celebratam

98 2020 183 2100 primis
198 2023 346 2085 ecelesiae
365 2021 553 2103 temporibus,
572 2041 609 2083 ex
627 2021 700 2083 locis
717 2041 808 2100 supra
825 2043 841 2083 e
857 2041 934 2083 novo
952 2021 1072 2084 foedere
1088 2019 1187 2083 allatis
1204 2021 1301 2085 mani·

98 2107 188 2172 lectum
204 2110 257 2174 est.
285 2110 351 2174 cfr.
368 2109 501 2191 inprimis
520 2109 619 2171 lCor.
631 2110 682 2186 ll,
700 2111 752 2171 21.
771 2109 821 2171 ubi
839 2109 992 2190 apostolus
1009 2101 1157 2193 κυριακὸν
1171 2102 1301 2193 δεῖπνον

99 2216 183 2260 eorum
203 2206 308 2277 vocat,
334 2197 382 2280 qui
407 2197 620 2260 conveniebant
635 2200 673 2260 ad
691 2218 845 2260 commuue
871 2197 1035 2262 convivium
1053 2197 1084 2258 in
1100 2196 1226 2260 eedcsia
1243 2219 1299 2279 pa-

99 2288 213 2349 randum.
246 2287 281 2348 ln
303 2307 360 2368 qno
378 2286 408 2347 id
424 2285 606 2366 potissimum
624 2285 820 2366 reprehendit,
838 2289 917 2367 quod
936 2285 1137 2368 unusquisque
1154 2285 1300 2367 propriam

100 2371 167 2451 prius
182 2396 305 2438 coenam
324 2376 468 2452 sumebat,
493 2377 566 2436 adeo
583 2384 614 2435 ut
630 2373 680 2435 alii
698 2373 853 2451 esurirent,
872 2372 922 2437 alii
942 2395 1010 2438 vero
1028 2384 1129 2437 essent
1144 2370 1300 2438 luxuriosi.

99 2459 164 2523 llicit
180 2463 270 2540 enirn:
296 2445 449 2544 ’Ἕκαστος
466 2451 521 2545 μὰρ
538 2450 573 2523 cd
593 2455 674 2523 iduor
691 2456 820 2524 δεῖπνον
836 2450 1053 2546 προλαμβάνει
1069 2460 1103 2524 ἕν
1121 2458 1165 2542 τῷ
1181 2468 1302 2546 φαγεῖν.

99 2546 168 2612 Unde
182 2561 321 2634 apparet,
347 2570 399 2613 eos
417 2552 500 2630 prius
518 2571 678 2629 coenasse,
704 2561 823 2632 tumque
846 2572 871 2613 s.
897 2572 1019 2614 coenam
1037 2551 1068 2612 in
1090 2550 1137 2612 bis
1155 2551 1300 2615 conviviis

99 2638 234 2703 sumsisse.
276 2639 367 2720 Apud
396 2638 563 2701 Corinthios
588 2639 663 2701 euim
689 2660 779 2718 prava
803 2641 986 2701 cousuetudo
1010 2638 1150 2715 invaluit,
1177 2649 1208 2701 ut
1231 2649 1299 2703 ante

100 2742 201 2789 coenam
216 2727 396 2791 ‘dominicam
415 2726 569 2788 ecelesiam
594 2726 736 2789 conviviis
753 2730 903 2790 turbarent
920 2739 948 2790 et
964 2728 1199 2792 dehonestarent.
1237 2727 1299 2792 Vo-

99 2809 143 2874 luit
157 2825 246 2882 autem
262 2813 395 2892 Paulus,
417 2825 446 2877 ut
463 2836 564 2880 omnes
580 2815 609 2875 in
626 2835 778 2876 commune
795 2824 992 2892 vescerentur,
1018 2825 1048 2877 ut
1066 2813 1171 2877 divites
1186 2834 1242 2878 sna
1261 2836 1300 2880 cx

101 2901 258 2969 abundantia
290 2924 438 2986 pauperes
460 2903 621 2984 inopesque
648 2911 826 2965 recrearent.
873 2902 1019 2965 Prohatnr
1041 2904 1115 2965 baec
1140 2902 1298 2982 sententia,

101 3005 198 3070 agapas
215 3014 239 3054 s.
256 3012 379 3055 coenum
404 2992 582 3071 praeivisse,
608 2988 759 3053 nonnullis
776 2989 863 3052 etiarn
886 2990 1059 3072 scriptorum
1078 2989 1299 3052 ecclesiastico·

100 3093 151 3137 rum
166 3079 237 3141 locis
254 3079 394 3144 classicis
410 3078 604 3159 Sonomeni*)
622 3087 651 3140 et
667 3078 801 3140 Socratis
811 3077 867 3159 **),
887 3078 935 3159 qui
956 3089 1093 3160 tanquam
1110 3099 1170 3140 rem
1189 3077 1299 3157 siugu-

100 3157 183 3228 lnrem
198 3178 294 3247 notat,
319 3170 396 3249 quod
416 3167 451 3228 in
469 3166 603 3230 ecclesiis
620 3166 745 3249 Aegypti
764 3175 792 3228 et
807 3165 970 3229 Thebaidis
988 3166 1091 3229 diebus
1107 3164 1223 3229 sabbati
1241 3168 1298 3229 sub

101 3270 242 3332 vesperam,
268 3267 424 3338 postquam
440 3254 548 3337 epulati
567 3254 626 3316 sint
642 3265 670 3317 et
686 3253 776 3318 variis
792 3254 868 3317 cibis
884 3255 1026 3334 saturati,
1055 3253 1203 3326 oblatione
1219 3254 1300 3318 tacta

102 3338 289 3407 eucharistiam
308 3344 466 3406 eelebrent.
503 3342 590 3421 Quod
609 3342 693 3405 etiam
712 3343 818 3405 concil.
835 3342 972 3406 Trullau.
998 3363 1064 3406 ean.
1082 3343 1135 3407 29.
1158 3343 1299 3425 prohibe·

102 3432 145 3500 tur,
158 3428 218 3509 ipsa
234 3435 336 3515 quinta
350 3432 428 3494 feria
443 3430 632 3504 hebdomadis
650 3430 800 3511 paschalis
816 3452 873 3492 non
891 3438 1025 3513 excepta.
1042 3468 1084 3479 —
1100 3431 1299 3512 Temporibus

101 3514 261 3600 senioribus,
287 3519 389 3584 ordine
413 3519 581 3595 immutato,
604 3529 672 3600 post
696 3518 900 3581 eucharistiam
924 3539 1039 3599 agapae
1062 3518 1299 3582 instituebantur.

101 3598 211 3676 Quando
227 3610 282 3671 boc
299 3607 363 3669 fieri
381 3607 537 3689 coeperit,
555 3627 594 3669 ex
612 3604 737 3684 conpilio
755 3605 1014 3686 Carthaginiensi,
1039 3604 1151 3684 Aurelii
1170 3616 1299 3687 temporo

102 3686 241 3775 celebrato,
264 3694 366 3777 colligi
384 3716 474 3777 posse
490 3695 613 3775 videtur,
638 3696 714 3776 quod
731 3693 839 3773 sanxit,
854 3704 887 3756 ut
903 3704 1088 3758 sacramenta
1103 3691 1207 3758 altaris
1222 3714 1299 3758 uou-

108 3850 304 3873 '‘Q—a·—

155 3948 182 4033 J)
200 3952 265 4007 Hirr.
286 3957 351 4007 scol.
372 3953 397 4021 7,
420 3955 467 4008 te:
493 3938 584 4020 Παρὰ
595 3917 628 4006 dl
645 3953 683 4005 Al
704 3954 811 4011 cursore
828 3950 860 4005 lu
876 3952 993 4011 πολλοῖς
1011 3947 1111 4007 πόλεσι
1128 3951 1176 4004 eorl
1193 3947 1300 4023 recipcre

101 4027 171 4100 παρα,
182 4018 210 4073 τὸ
228 4024 307 4095 κοινῇ
325 4023 396 4077 πᾶσι
415 4025 620 4095 νενομισμένον
640 4040 713 4092 προς
730 4022 852 4093 ἑσπέραν
871 4022 908 4090 τῷ
925 4015 1055 4100 σαββάτηη
1072 4015 1223 4089 συνιόντες,
1240 4018 1300 4090 ἠρι-

102 4094 211 4149 ot'irruere
227 4086 290 4160 ἤδη,
309 4096 469 4164 μυστηρίων
485 4096 640 4164 μετέχουσι.
692 4099 696 4110 “
1101 4105 1102 4108 ’

99 4261 107 4281 ,
159 4202 196 4272 *b
215 4203 282 4266 urbe.
310 4216 376 4270 σοι
395 4216 421 4279 5,
442 4219 552 4284 νισι.
571 4216 632 4273 reo.
652 4216 694 4267 on.
714 4213 836 4282 vorren
870 4206 1000 4281 Αιγιιιοι
1023 4211 1056 4265 σε
1078 4213 1200 4281 μισσες
1223 4203 1301 4269 τηις

88 4270 298 4353 ,Αὲἕξαίὸρέωνη
322 4284 369 4336 καὶ
386 4284 415 4336 οἱ
433 4282 483 4349 τὴν
501 4283 626 4350 Θηβαίδα
643 4283 799 4348 clauderes,
822 4282 854 4337 tv
871 4275 999 4350 σαββάτῳ
1016 4296 1071 4351 μεν
1087 4278 1236 4333 ποιοῦνται
1252 4291 1300 4330 συ-

103 4341 192 4410 'little
217 4346 267 4435 obp
280 4349 325 4413 ’ὠς
344 4352 410 4413 ἔθος
429 4352 461 4406 δὲ
480 4357 653 4423 χριστιανοῖς
678 4353 732 4404 τῶν
750 4356 911 4421 μυστηρίων
929 4343 1183 4423 μεταλαμβάνουσι.
1216 4345 1299 4402 Μετὰ

103 4420 149 4476 pop
172 4411 200 4467 th
224 4424 394 4489 ευωχθῆναι,
422 4423 470 4476 καὶ
492 4426 635 4475 παντοίων
661 4414 824 4490 ἐδεσμάτων
849 4422 1061 4493 ἐμφορηθῆναι,
1086 4418 1152 4490 περὶ
1177 4417 1300 4487 ἑσπέραν

104 4486 292 4555 προσφέροντες
309 4493 364 4556 τῶν
380 4494 546 4564 μυστηρίων
558 4482 812 4563 μεταλαμβάνουσι.
