3067 5075
120 240 135 271 ⁶
228 249 231 255 ’
385 206 643 325 ··ι1εἶεςεμιῐιιιι
658 248 755 306 astate
770 237 945 326 tpastullea.
1055 252 1113 285 '⁴
1224 234 1287 305 ¹⁸¹

94 428 162 482 ιἰνιν
175 419 378 499 interpretatur
393 437 460 481 csse
475 439 597 491 euenum,
620 439 691 500 quae
707 420 870 481 comedenda
887 420 970 494 dumi,
988 421 1092 498 atquin
1107 414 1177 476 udan
1192 414 1288 489 Γαια-

94 510 447 585 manducantemque,
473 516 503 566 ut
516 528 574 567 uun
588 513 707 585 potuerit
723 509 878 581 ndstindre3
901 527 996 578 cornu,
1012 525 1084 585 quac
1099 509 1130 564 ln
1146 503 1288 563 ecclesium

94 604 243 676 inportata,
266 616 328 657 enm
343 596 538 656 dehonestavit.
573 593 667 656 Nubis
683 589 763 657 ἴδιον
779 586 907 655 δεῖπνον
928 591 1009 654 aliud
1025 590 1096 652 nilril
1115 599 1176 666 est,
1200 607 1288 668 quarn

95 681 195 765 propria
211 688 311 761 cusan,
324 682 357 743 ir.
375 702 412 759 a,
431 692 517 762 qnam
534 680 657 762 quisque
675 679 719 745 rel
737 680 862 760 ipsemet
878 680 956 741 coxit
972 679 1017 740 cel
1034 676 1147 759 pararit
1163 684 1215 737 ant
1228 674 1288 736 nli·

92 785 143 852 'que
159 769 265 833 attulit
286 767 353 830 Huc
369 768 434 829 lecu
453 767 593 830 dicendus
610 770 665 830 erit
677 767 825 831 attulisse.
856 768 958 849 Neque
975 786 1078 827 snmus
1095 775 1152 827 tarn
1169 762 1289 844 perspi-

95 875 184 933 caces,
207 876 293 938 quarn
316 855 372 917 luit
386 854 604 936 Liglrtfootius‚
628 866 660 918 ut
676 875 713 918 ex
729 855 791 917 illis
808 857 924 916 duobus
942 855 1038 917 verbis
1055 853 1288 915 animadvertere
1362 874 1369 892 ι

95 944 239 1025 pessimus,
266 942 335 1024 quid
360 942 486 1005 aPaulu
510 943 699 1023 improbetur.
737 943 831 1005 Plane
854 943 1097 1004 considerandum
1122 949 1184 1017 est,
1208 938 1289 1019 qued

95 1033 202 1109 additur,
220 1029 424 1111 unnsquisque
441 1050 561 1092 coenem
578 1050 662 1092 sunm
678 1023 903 1112 προλαμβάνει.
941 1029 1093 1109 Vitupernt
1110 1048 1190 1107 crgo,
1208 1024 1288 1106 qued

95 1118 221 1199 propriam
237 1118 361 1198 quisque
377 1137 498 1180 menam
515 1118 687 1199 anticiparet
702 1126 790 1197 atquc
807 1119 989 1198 occuparet.‘
1007 1117 1072 1179 Nun
1090 1114 1191 1194 igitur,
1208 1113 1288 1194 qued

95 1209 185 1282 ederet,
200 1225 301 1268 rerum
318 1206 394 1285 quud
412 1206 615 1285 praeripiendo
633 1216 661 1266 et
675 1204 758 1266 sulus
774 1206 953 1266 comedendo
970 1204 1127 1285 participes
1144 1203 1209 1283 ejus
1227 1218 1288 1260 nun

95 1292 196 1370 laceret,
219 1293 268 1372 qui
285 1293 398 1353 nullum
416 1285 497 1353 ἴδιον
514 1284 641 1354 δεῖπνον
656 1292 807 1355 habereut.
845 1293 889 1354 Ac
906 1295 1008 1354 subest
1024 1289 1155 1352 nonnihil
1171 1286 1288 1349 acumi-

94 1379 144 1455 nis,
165 1401 219 1461 qun
235 1380 340 1459 pungit
363 1379 466 1460 ipsus3
489 1378 722 1460 preprinm‘reru
740 1399 860 1441 coenam
885 1399 967 1455 csse,
992 1399 1078 1459 quem
1095 1373 1287 1438 fraternitatis

95 1466 160 1527 obliti
183 1467 328 1528 nescirent
352 1487 419 1529 esse
445 1486 637 1530 communem.
684 1467 744 1529 Sed
772 1466 845 1529 Ιιεεε
869 1487 960 1547 supra
988 1467 1048 1546 jam
1074 1462 1287 1526 declaravimus

94 1557 250 1634 nequedum
266 1553 469 1633 Liglrtlautius
487 1554 643 1634 quidquam
667 1554 757 1632 dixit,
782 1575 839 1635 qno
864 1563 964 1616 nostra
981 1553 1167 1623 defendenda
1180 1550 1289 1612 iurent.

93 1640 182 1702 lterum
197 1641 316 1704 ludaeis
339 1648 367 1702 et
391 1639 640 1721 paschatizntionc
663 1643 807 1704 adversus
831 1662 886 1705 nos
908 1651 1037 1723 pugnat,
1063 1649 1168 1702 eventu
1192 1636 1288 1712 nullu,

94 1727 183 1809 quipp'e
197 1748 270 1810 qnae
289 1725 363 1789 nihil
390 1730 510 1790 adrem
536 1728 715 1810 pertingunt.
754 1729 788 1791 Si
812 1730 883 1810 qnid
907 1740 988 1791 extra
1014 1747 1133 1790 cansam
1158 1738 1286 1788 nestram

94 1814 207 1877 rideatur
228 1814 342 1878 muneri
359 1817 484 1894 debere,
509 1813 582 1878 illud
601 1827 662 1893 est,
689 1818 765 1897 quud
784 1817 905 1879 ludaeis
929 1836 1045 1879 errores
1063 1813 1163 1877 tribuit
1179 1812 1288 1892 liujus·

94 1903 165 1978 nudi,
179 1902 224 1984 qni
242 1911 354 1982 negent
372 1923 423 1965 eus
440 1901 599 1965 ullomodo
617 1901 802 1965 Christianos
817 1903 923 1965 tuisse.
951 1905 1025 1966 Nam
1042 1902 1117 1963 ritus
1134 1900 1287 1981 Muttines

94 1990 229 2052 nonnullas
244 1990 372 2052 retinere
389 1997 523 2072 poterant
544 1992 581 2052 ub
598 2010 725 2053 amorem
742 1983 838 2071 patrii¹
851 1991 940 2052 muris
958 1990 1029 2051 nihil
1048 1989 1200 2051 obfuturas
1216 1985 1287 2050 illus

94 2079 250 2139 necessariis
274 2076 494 2140 Christianismi
518 2078 672 2158 partitum
703 2089 735 2159 at
757 2077 964 2141 eucharistiam
989 2078 1014 2140 si
1040 2076 1225 2138 crediderunt
1254 2073 1287 2135 in

94 2167 195 2228 eandem
211 2164 513 2227 commemorationem
530 2187 596 2228 curn
614 2167 753 2246 paschate
770 2166 933 2228 institutam
950 2166 1060 2241 fuisse,
1086 2184 1142 2226 nac
1158 2161 1288 2244 graviter

93 2250 190 2332 inpasti
206 2263 273 2315 aunt
290 2253 322 2314 in
341 2273 456 2315 errores
472 2253 615 2315 maximus
633 2253 712 2314 circa
728 2255 919 2335 praecipuum
944 2253 1120 2315 christianae
1137 2250 1287 2313 ductrices

94 2347 165 2419 caput
179 2342 312 2402 absolute
329 2359 364 2401 ac
382 2339 553 2421 simpliciter
577 2362 636 2402 nun
653 2360 742 2402 secus
766 2341 1015 2423 interpretandum
1041 2340 1287 2420 credendumque.

95 2423 141 2486 Sed
155 2428 269 2508 propius
291 2428 352 2511 jam
369 2437 468 2490 nester
483 2429 666 2509 aggreditur.
703 2434 771 2490 Nun
786 2441 842 2503 eat,
866 2432 938 2511 qued
955 2436 1092 2505 nevimus,
1116 2434 1163 2508 qui
1179 2414 1214 2496 dc
1229 2419 1288 2504 pte

93 2511 169 2597 πεινᾷ
183 2539 236 2579 nna
250 2519 290 2579 nd
309 2538 445 2598 puupcrsa
460 2517 595 2598 adplicet,
621 2527 647 2578 et
667 2501 702 2587 iia
725 2512 760 2578 di
777 2508 896 2596 μεθύει
914 2520 951 2579 ud
975 2520 1088 2593 diuites,
1114 2526 1143 2608 qt
1160 2517 1287 2579 uidentur
1405 2571 1408 2576 ,

92 2609 167 2678 putica
186 2608 222 2665 ad
243 2609 357 2667 carium
377 2614 481 2683 pentem
504 2607 685 2685 adplicandn.
724 2595 862 2666 Μεθύει
886 2607 923 2666 ud
938 2609 1063 2667 deducus
1079 2612 1110 2666 in
1132 2610 1287 2684 praeceniis

76 2726 78 2730 >
92 2694 141 2749 ιιίι
152 2695 375 2769 punctatizuntet
390 2702 454 2754 unte
467 2695 663 2755 centuriatim
678 2702 705 2753 et
720 2689 814 2773 πεινᾷ
830 2695 869 2754 cd
882 2697 998 2772 pactiles
1013 2715 1068 2755 aaa
1085 2703 1142 2754 tum
1158 2711 1194 2753 ιν
1208 2712 1286 2772 pnn-

92 2786 181 2854 mnan
200 2791 225 2841 at
246 2786 410 2841 neceasttcte
430 2782 553 2842 inedium
575 2787 659 2842 istum
683 2786 834 2860 patientta,
865 2802 948 2860 ᾳααιιι
973 2783 1046 2860 qnod
1068 2801 1180 2843 ιαεααιιι
1202 2781 1287 2841 talene

92 2867 286 2962 pandentem
304 2869 408 2929 nullast
425 2870 562 2949 amplecti.
599 2866 741 2941 Falsum
765 2886 833 2928 nam
849 2866 964 2929 Paulus
982 2868 1089 2930 diserte
1105 2869 1287 2946 interrogat:

92 2947 176 3030 ηιῆε
199 2948 363 3035 ἐκκλησίας
385 2950 444 3014 τοῦ
470 2950 555 3015 θεοῦ
581 2958 807 3037 καταφρονεῖτε
830 2951 883 3016 καὶ
910 2944 1118 3036 ναεαεχύνετε
1142 2942 1218 3023 τούς
1242 2941 1285 3031 μὴ
1385 3022 1396 3034 q

93 3031 214 3117 ἔχενταςς
235 3042 339 3122 Neque
362 3041 439 3103 euim
456 3041 481 3104 si
498 3041 565 3103 uelo
582 3043 678 3116 edere,
705 3061 770 3102 cunr
789 3062 916 3123 possem,
942 3042 1042 3104 videor
1058 3041 1126 3102 milri
1144 3039 1287 3121 pudcliari

93 3140 134 3199 tt,
153 3130 224 3207 quud
240 3129 318 3191 alter
334 3128 412 3205 edit3
439 3131 491 3192 sed
507 3138 584 3208 tum,
611 3148 676 3189 cnm
698 3128 765 3190 volu
783 3132 870 3192 edere
887 3150 942 3192 uec
959 3132 1036 3192 unde
1053 3127 1162 3210 possim
1179 3126 1286 3205 habea,

92 3212 210 3287 pulcretu
225 3215 301 3279 alter
313 3215 428 3299 injteiet
443 3216 523 3295 mili,
542 3216 602 3297 qui,
619 3236 685 3278 curu
701 3214 826 3281 inritare
844 3239 889 3280 me
906 3227 964 3280 nun
982 3226 1092 3288 tantum
1110 3239 1163 3298 pru
1179 3216 1286 3278 huene-

93 3294 181 3377 nitate,
204 3306 255 3364 sed
274 3324 328 3386 pre
347 3305 472 3386 quedam
490 3305 573 3385 qnasi
592 3303 761 3367 officiosae
779 3308 909 3385 deberat,
933 3306 1031 3368 carnis
1048 3305 1208 3387 portianam
1224 3304 1287 3367 lar-

93 3401 146 3458 mu
162 3407 222 3451 cum
239 3389 425 3453 comminutis
444 3392 563 3454 essibus
586 3392 670 3453 inse
691 3391 775 3455 aolus
799 3401 972 3457 transvoret.
1009 3394 1048 3455 Et
1072 3392 1150 3455 hunc
1168 3391 1286 3473 quidem

93 3477 220 3539 aemam
234 3481 268 3541 ad
294 3500 340 3540 mc
365 3488 422 3541 tarn
447 3479 511 3540 dira
527 3479 641 3555 farnes3
665 3479 734 3540 illes
752 3479 826 3542 nilril
845 3487 966 3562 peterat,
993 3481 1042 3561 qui
1058 3481 1138 3542 finite
1157 3490 1286 3560 tempure

92 3573 121 3618 nc
133 3559 192 3624 lecu
208 3566 271 3647 ejus
287 3565 383 3648 ipsius
401 3566 520 3629 unitatis
544 3587 579 3628 nc
597 3565 811 3630 communionis
830 3589 936 3645 causa,
960 3589 1019 3628 nen
1042 3570 1078 3629 ad
1105 3567 1286 3630 sternacium

88 3645 240 3738 “replendam
256 3665 286 3715 et
304 3657 541 3731 exsaturandum,
560 3661 766 3717 coniecerant.
804 3655 940 3718 Ceterum
966 3655 1067 3717 nescio
1086 3655 1172 3736 cujus
1190 3652 1287 3733 gratia

93 3730 181 3798 dixerit
200 3744 311 3805 mellina
333 3750 512 3822 tatarpreraat
535 3746 616 3805 licere
636 3764 728 3807 necem
751 3731 885 3821 μεθύει,
913 3765 995 3825 qnam
1019 3753 1050 3805 nt
1074 3745 1112 3805 cd
1134 3753 1286 3806 extremum

92 3819 225 3888 dmentem
240 3833 414 3892 mundetur.
450 3829 515 3893 Nisi
533 3829 656 3893 fursitnir
681 3850 733 3907 eu,
758 3829 828 3911 qnia
844 3834 983 3894 credebat
1001 3851 1055 3893 nos
1073 3832 1193 3894 credere
1207 3832 1286 3894 hune

93 3907 220 3974 ebrietatis
250 3915 331 3978 illum
362 3918 485 3979 abusum
518 3938 601 3992 esse,
635 3939 720 3999 quem
747 3919 975 3996 reprehenderet
998 3918 1159 4000 apostolus.
1209 3920 1285 3981 Nam

92 3995 245 4080 subjungit:
279 4007 393 4067 Videtur
416 4008 561 4085 apostulus
576 4013 607 4067 tc
623 4012 703 4086 ipsus
718 4028 819 4069 cornua
833 4015 927 4088 putica
945 4030 1028 4089 quarn
1045 4011 1163 4070 niueum
1175 3997 1287 4081 'tantm

92 4088 159 4158 νεῖν,
180 4096 364 4154 riccencrum
378 4097 632 4174 iatnrum‘crnpnlc
648 4096 719 4155 ittet
735 4098 845 4171 suisset,
862 4098 936 4177 quud
951 4103 1096 4177 praecipua
1111 4100 1285 4171 criminetur,

92 4171 116 4225 lt
128 4191 180 4235 stne
193 4182 276 4239 istam
290 4202 387 4243 nerum
404 4184 619 4261 rcdnrqniticnis
634 4203 704 4244 arras
725 4186 888 4245 intendisset
910 4182 1024 4261 fcrtlrra.
1061 4184 1124 4246 Nus
1148 4172 1286 4258 μεθύειν

93 4255 123 4315 tl
136 4268 283 4327 extremam
299 4269 467 4331 ebrictatem
484 4290 543 4329 nen
561 4270 744 4332 extendimus
761 4272 819 4332 huc
841 4270 917 4336 lucu.
959 4272 1108 4345 illusum,
1132 4286 1217 4348 quem
1234 4288 1285 4330 re-

93 4345 232 4442 tfrlendnt
247 4357 410 4436 apostulus,
434 4356 553 4418 omnine
569 4357 716 4418 credimus
734 4378 803 4420 esse
820 4359 906 4434 hunc,
925 4362 1002 4441 quad
1020 4355 1151 4419 exclusis
1170 4374 1285 4436 pnupe-

92 4429 176 4514 nius,
197 4438 313 4508 ditiores
336 4448 520 4530 occupabant
536 4443 632 4508 cibum
656 4466 758 4525 suurn,
784 4446 834 4531 qui
852 4468 918 4513 curn
936 4446 997 4514 illis
1014 4446 1145 4511 fraterna
1163 4442 1285 4509 caritate
