3067 5075
240 236 306 303 288
546 224 550 237 Χ
664 224 775 300 xttlt.
809 221 920 302 curin
936 234 1033 319 Bsyer

241 413 476 488 sennonago
507 407 627 472 nonina
653 413 779 476 aduersa
808 410 955 503 plnatuq
983 409 1021 472 iri
1051 410 1219 474 eastun
1260 409 1362 489 Quare
1391 428 1456 470 cun

242 494 406 576 ucriluiu,
431 515 508 577 quae
527 497 676 579 proposito
700 500 796 562 edicto
813 498 939 582 populos
956 498 1107 563 uelelrrsru
1123 498 1299 582 jubebatur,
1324 514 1378 578 pro
1396 496 1455 557 rei-

242 583 383 668 publicae
403 586 502 648 salute
525 585 624 649 lucere
639 586 800 650 Christiani
817 586 955 669 religioni
974 586 1032 650 sihi
1048 588 1207 665 ducerent,
1231 583 1386 668 gentilium
1405 585 1457 647 nd·

243 692 349 740 neruus
369 690 433 751 eos,
454 690 510 735 cau
533 674 638 738 atlrcos
654 675 760 758 impios
778 686 807 738 et
821 676 963 758 profusos
982 675 1125 754 homiues,
1142 674 1227 737 furor
1241 690 1389 738 accensus
1405 681 1455 734 est

242 765 328 830 flauo
352 761 605 843 persecutionem,
631 762 685 826 illa
709 762 844 826 llecinuu
867 764 958 827 uroltu
981 762 1161 826 acutiorem
1183 763 1265 841 fore,
1292 760 1456 845 Cyprianus

244 849 390 936 praedixit
415 850 446 911 in
477 870 523 931 cp.
549 853 586 914 ad
613 855 770 915 wolon
794 854 881 934 (57)=
914 858 995 915 ment
1017 857 1176 915 monnio
1203 856 1456 933 appropinquarem

201 948 218 963 ““
244 946 348 1005 berun
365 941 514 1001 mnan
531 944 585 1001 nito
601 949 699 1002 consu
716 961 768 1002 uos
786 959 941 1022 menore,
958 960 1081 1022 puynum
1099 960 1154 1002 nun
1172 942 1266 1016 uteru,
1284 940 1379 1021 panib
1395 938 1456 1014 fuit,

246 1033 296 1093 sod
311 1031 468 1110 munionem
485 1029 572 1101 mutto
589 1037 616 1088 ct
638 1033 772 1091 norim
791 1034 892 1092 contra
935 1027 1039 1110 ltaque
1064 1026 1139 1110 lapsi
1164 1025 1349 1110 poenitentes
1372 1034 1401 1086 ut
1422 1022 1455 1084 ad

247 1112 427 1181 inminentis
449 1112 556 1195 proelii
580 1122 728 1177 certarnen
753 1122 944 1198 praeparatos
966 1116 1109 1179 luberent
1125 1117 1256 1194 suimus,
1280 1132 1406 1199 poenam
1422 1104 1455 1172 ἧς’

248 1210 396 1268 decretam
416 1202 479 1283 jorn
502 1200 649 1283 colligari,
683 1223 808 1286 aequem
833 1215 863 1267 et
892 1225 929 1267 ux
953 1203 1099 1268 ecclcsiae
1122 1220 1179 1266 nso
1202 1203 1268 1265 lore
1296 1198 1456 1284 Cyprianus

247 1287 435 1369 utiliusne,
451 1310 489 1354 ue
505 1289 700 1371 poeniteutiae
716 1291 908 1355 diuturnioris
918 1292 1018 1374 rigore
1031 1295 1068 1356 ud
1083 1291 1320 1374 desperationem
1336 1286 1455 1361 addocti,

249 1381 414 1454 orisrinnur,
428 1390 480 1441 aot
494 1381 653 1442 soroudon
670 1391 720 1445 aut
735 1380 823 1443 etiuor
834 1380 1014 1461 graviorum,
1030 1382 1067 1444 ad
1079 1379 1230 1444 erilandus
1241 1376 1336 1441 loturi
1349 1374 1455 1457 suppli·

248 1472 287 1534 cii
310 1467 462 1533 cruciatus
483 1465 597 1549 culpan
622 1466 680 1530 sibi
698 1470 903 1531 contraherent
921 1489 1085 1552 uocemque
1103 1471 1177 1533 adeo
1196 1468 1332 1531 torenna
1356 1461 1455 1527 uouini

115 1580 119 1585 ·
249 1558 411 1624 ernstiana
426 1554 575 1638 iujuriam.
591 1589 633 1604 -
650 1555 678 1639 ᾗ.
693 1558 744 1622 ll.
760 1561 845 1620 suno
860 1556 1025 1638 igitur252
1038 1556 1204 1639 Cyprianus
1221 1575 1287 1618 curu
1306 1551 1455 1636 episcopis,

248 1650 301 1731 qui
318 1652 387 1729 post
409 1643 614 1707 solennitatem
632 1645 791 1724 paschatos
807 1643 1015 1726 Carthaginem
1032 1652 1182 1724 venerant,
1208 1639 1370 1706 concilium
1385 1636 1455 1702 ccle-

225 1814 227 1823 γ
251 1737 347 1799 orarit
361 1730 597 1812 Carthagiueusu
614 1731 653 1794 ll.
673 1752 774 1796 rneuse
791 1733 889 1811 Maio,
913 1743 945 1795 ut
960 1732 1134 1815 intelligitur
1155 1754 1193 1796 nx
1211 1732 1276 1814 ejus
1295 1732 1335 1793 ad
1352 1728 1455 1792 Corne·

160 1896 164 1902 ‚
251 1824 324 1891 liurn
347 1817 451 1900 epist,
479 1840 537 1901 qua
562 1830 591 1882 et
612 1818 703 1903 hujus
723 1820 897 1884 montionem
923 1820 1040 1904 injecit,
1067 1831 1096 1884 ut
1122 1819 1262 1898 alterins,
1289 1820 1371 1901 quud
1389 1834 1455 1878 nuno

250 1906 397 1994 superiori
423 1908 552 1971 habiturn
578 1907 684 1972 luerat.
727 1908 762 1970 lu
790 1911 846 1972 loo
870 1908 995 1973 ennodio
1025 1909 1104 1972 lacta
1132 1905 1351 1991 poenitentibus
1371 1902 1456 1984 lapsis

250 1993 437 2079 indulgentia
458 2006 506 2075 et,
536 1998 613 2077 quod
636 1998 781 2080 reliquum
804 1997 860 2059 luit
884 2018 995 2078 poenas
1015 1988 1194 2075 canonicae,
1220 1994 1296 2057 illud
1322 2011 1407 2056 ornus
1426 1990 1456 2053 iis

138 2106 142 2113 “
228 2091 466 2164 ‘condonatum
492 2104 531 2147 ex
550 2087 686 2164 decretu,
712 2088 791 2167 quod
809 2084 975 2168 Cyprianus
998 2106 1065 2148 curu
1088 2082 1295 2168 praesentibus
1322 2076 1456 2155 condidit:

251 2185 313 2256 Eu,
329 2179 377 2258 qni
392 2173 426 2237 ds
439 2176 552 2235 actutu
563 2173 683 2236 Domini
694 2194 748 2235 non
764 2185 942 2248 nosocomi,
958 2176 1006 2237 sod
1021 2178 1216 2256 poeniunttorn
1231 2193 1312 2251 upors
1324 2181 1351 2233 et
1360 2172 1456 2232 tunon-

252 2272 310 2330 turt
327 2283 362 2325 uo
380 2266 529 2324 Dominum
548 2261 690 2340 deprocari
707 2282 727 2322 u
744 2266 836 2341 primo
850 2264 949 2341 inpono
966 2267 1010 2325 oui
1027 2264 1071 2324 dns
1088 2282 1144 2325 non
1166 2263 1348 2332 destiterunt,
1376 2272 1456 2339 putus

252 2355 377 2416 duodone
392 2367 461 2412 eron
506 2346 600 2408 Facta
623 2347 680 2409 luit
703 2347 795 2428 lapsis
821 2349 894 2412 haec
909 2349 1105 2431 poeniteutiae
1121 2347 1264 2412 relaxatio
1280 2366 1342 2408 nou
1361 2352 1455 2407 tantm

253 2434 419 2508 ἐπιεικείας
443 2453 553 2511 causa,
581 2454 680 2499 rerum
705 2433 881 2498 necessitate
908 2451 1049 2518 urgente,
1081 2444 1147 2520 uuio
1169 2439 1270 2500 enirn
1294 2444 1321 2496 et
1348 2434 1456 2496 cnidus

204 2583 206 2594 ,
254 2527 456 2592 ostensionibus
472 2524 702 2597 udntonodnntor,
720 2524 793 2586 diem
806 2527 927 2610 *nunnus
941 2527 1132 2602 infootulionis
1148 2529 1386 2607 uppropinquure,
1406 2540 1455 2581 ooc-

150 2671 155 2685 ,
256 2623 331 2700 pisan
346 2620 374 2675 ul
387 2619 554 2692 penitentes
570 2614 608 2673 ud
621 2614 765 2693 proelium,
782 2616 855 2694 quud
870 2615 1038 2694 imminebat,
1057 2620 1164 2678 ormurl
1179 2624 1204 2677 at
1219 2617 1322 2675 imtrui
1337 2618 1456 2692 opouut.

256 2704 355 2772 Verba
372 2713 441 2763 sunt
457 2699 608 2783 Cypriani,
628 2700 676 2783 qui
695 2702 749 2763 llas
768 2701 891 2782 mitigati
907 2700 1016 2783 rigoris
1032 2722 1139 2765 comas
1159 2698 1295 2783 exposuit
1313 2695 1456 2777 multisque

258 2789 390 2856 defendit
408 2811 455 2871 ep.
470 2791 511 2852 57
532 2808 607 2870 quae
627 2797 672 2851 cst
690 2789 849 2871 synodica,
873 2790 961 2854 totius
986 2787 1103 2852 concilii
1123 2789 1327 2852 uonriuc'data
1346 2788 1382 2847 ud
1400 2788 1455 2845 Con·

220 2947 223 2954 ,
257 2884 377 2953 notium,
399 2880 567 2942 Romanum
584 2877 764 2959 episcopum.
810 2879 852 2941 lta
874 2876 1074 2942 reconciliatis
1095 2876 1238 2940 ecclesian
1253 2873 1354 2956 lapsis
1368 2868 1456 2955 poeui-

258 2969 403 3046 tentibus,
428 2987 494 3030 cunr
507 2965 569 3048 jaun
593 2964 691 3029 omnia
714 2967 860 3030 uuorruuui
877 2967 1000 3030 consiliu
1021 2964 1181 3049 composita
1203 2974 1303 3027 esseut
1320 2972 1350 3025 et
1363 2957 1454 3023 coolir·

257 3069 346 3136 matu,
365 3055 531 3139 Cyprianus
554 3057 698 3136 synodum
716 3052 865 3142 dissolvit,
889 3076 947 3137 qua
965 3054 1046 3136 linita
1068 3056 1184 3117 taudem
1203 3050 1315 3134 erupit,
1340 3068 1410 3134 quse
1425 3052 1457 3107 tot

259 3143 382 3211 ostentis
407 3141 557 3225 praedicto
575 3141 689 3221 luerat,
712 3142 891 3221 persecutio.
914 3178 956 3190 -
980 3142 1008 3226 ᾗ.
1028 3143 1078 3205 12.
1109 3142 1177 3219 Qua
1195 3139 1344 3222 aequitate
1366 3136 1455 3198 lu'tsu

259 3232 343 3318 gravi
359 3231 504 3294 eeclesiae
520 3230 641 3309 negotio
655 3228 824 3310 Cyprianus
841 3230 996 3313 hucusque
1013 3239 1145 3294 versatus
1162 3227 1260 3305 luerit,
1280 3247 1318 3289 ex
1334 3226 1381 3303 iis,
1396 3239 1455 3305 qnae

259 3321 331 3397 dixi,
353 3318 441 3381 luuile
458 3317 643 3397 intelligitur.
688 3316 759 3377 lude
775 3335 843 3378 vcro
860 3315 947 3380 simul
966 3325 1097 3400 apparet,
1122 3325 1261 3399 quantulo
1280 3308 1455 3396 poeniteutiae

259 3406 399 3489 temporis
425 3403 581 3486 expiandis
605 3402 826 3466 idololatrarum
852 3404 1024 3469 criminibus
1055 3403 1138 3467 illius
1163 3409 1258 3468 notate
1281 3403 1313 3463 in
1337 3398 1456 3464 llrlouua

229 3536 234 3540 ·
260 3496 335 3562 ocul.
353 3492 526 3559 suffeceritl
572 3490 674 3571 Erant,
696 3490 745 3573 qui
764 3491 931 3558 imnliucutc
950 3504 1001 3557 aut
1021 3501 1124 3577 coepta
1141 3494 1197 3555 sub
1217 3488 1312 3554 Decio
1333 3503 1456 3571 persecu-

261 3587 340 3651 tione
363 3582 457 3647 afida
473 3580 661 3660 refecerunt,
682 3589 775 3659 eraut,
800 3601 874 3664 quos
893 3580 1047 3664 suppliciis
1065 3591 1092 3645 et
1107 3580 1259 3643 tormentis
1274 3577 1364 3660 paolo
1379 3570 1455 3639 scrin

261 3672 388 3742 nominis
405 3670 556 3734 christiani
572 3672 673 3734 lrostes
690 3668 804 3732 alienos
820 3672 856 3732 ab
875 3670 1009 3734 ecclesia<
1018 3670 1158 3733 lecerunt.
1187 3668 1250 3731 tan
1267 3665 1294 3730 si
1311 3684 1394 3728 omne
1407 3666 1456 3743 pust

217 3757 220 3767 ⁴
263 3767 373 3827 crimen
397 3759 557 3823 admissuro
585 3771 700 3841 ternpus
725 3779 794 3820 ruox
818 3777 836 3820 a
859 3758 1074 3840 persecutionis
1097 3753 1179 3819 illius
1202 3753 1294 3818 initiis
1319 3772 1408 3835 usqne
1428 3745 1455 3810 ad

263 3846 594 3927 conaCartltagincnse
611 3847 660 3925 ll.,
679 3868 737 3929 quo
752 3847 831 3908 lacta
849 3857 893 3909 est
905 3841 1120 3930 poenitentibus
1137 3843 1232 3924 venia,
1253 3834 1456 3926 computaveris,

262 3940 392 4003 noudum
415 3933 490 4013 illud
517 3934 673 4017 complebit
697 3933 862 3996 triennium.
907 3934 990 3997 Haec
1010 3932 1155 3997 sententia
1173 3930 1304 4016 apprime
1322 3923 1457 4009 respondet

265 4022 448 4112 quaestioni,
471 4043 556 4103 quaro
575 4023 756 4084 Fortunatus
777 4021 887 4104 aliique
907 4022 1056 4105 episcopi,
1078 4019 1128 4103 qni
1147 4018 1177 4082 lu
1195 4016 1343 4100 Capseusi
1362 4011 1457 4079 oiritutt

264 4124 301 4180 oo
319 4109 530 4178 ordinationem
544 4109 675 4192 episcopi
694 4119 900 4190 couvenerant,
916 4109 996 4174 trevi
1013 4119 1080 4173 ante
1097 4129 1180 4171 conc.
1192 4096 1457 4187 Carthaginensell·

266 4218 395 4287 tempore
414 4197 563 4281 Cypriauo
588 4208 817 4279 proposuerant:
842 4202 889 4259 An
912 4201 1174 4280 lupaoa'trluonium
1198 4196 1342 4277 (noudum
1362 4189 1457 4278 quiden

266 4303 411 4368 exactum,
436 4289 488 4349 sed
505 4288 686 4367 inchoatum)
702 4294 867 4368 penitentes
883 4288 933 4362 suo
949 4298 1018 4350 esset
1033 4288 1071 4348 od
1085 4289 1302 4347 commonionem
1317 4267 1458 4370 admittunt?

266 4381 354 4456 Certe
371 4386 431 4439 tour
450 4396 487 4438 ex
501 4372 638 4458 temporis
654 4374 871 4457 designatione,
887 4380 948 4440 tour
963 4395 1000 4439 cx
1015 4370 1197 4456 quaestionis
1211 4377 1317 4434 natura
1328 4367 1456 4451 prolator,

266 4477 333 4552 post
350 4464 420 4529 anni
435 4463 598 4550 superioris
614 4463 779 4546 concilium,
801 4463 880 4546 qaod
894 4464 1005 4545 longae
1021 4472 1049 4526 et
1063 4460 1171 4544 plenae
1188 4456 1384 4544 poeniteutiae
1396 4448 1457 4531 lepl-
