<?xml version="1.0" encoding="UTF-8"?>
<!DOCTYPE html PUBLIC "-//W3C//DTD XHTML 1.0 Transitional//EN"
    "http://www.w3.org/TR/xhtml1/DTD/xhtml1-transitional.dtd">
<html xmlns="http://www.w3.org/1999/xhtml" xml:lang="en" lang="en">
 <head>
  <title>
</title>
<meta http-equiv="Content-Type" content="text/html;charset=utf-8" />
  <meta name='ocr-system' content='tesseract 3.04.00' />
  <meta name='ocr-capabilities' content='ocr_page ocr_carea ocr_par ocr_line ocrx_word'/>
</head>
<body>
  <div class='ocr_page' id='page_1' title='image "./thesauruscommen02volbgoog_0336.png"; bbox 0 0 3067 5075; ppageno 0'>
   <div class='ocr_carea' id='block_1_1' title="bbox 232 270 1013 342">
    <p class='ocr_par' dir='ltr' id='par_1_1' title="bbox 232 270 1013 342">
     <span class='ocr_line' id='line_1_1' title="bbox 232 270 1013 342; baseline -0.004 -1"><span class='ocrx_word' id='word_1_1' title='bbox 232 278 298 342; x_wconf 79' lang='grc'>818</span> <span class='ocrx_word' id='word_1_2' title='bbox 668 273 776 342; x_wconf 78' lang='lat' dir='ltr'>XLW·</span> <span class='ocrx_word' id='word_1_3' title='bbox 807 272 873 339; x_wconf 81' lang='lat' dir='ltr'>ab.</span> <span class='ocrx_word' id='word_1_4' title='bbox 888 270 1013 338; x_wconf 72' lang='lat' dir='ltr'>lirikius</span> 
     </span>
    </p>
   </div>
   <div class='ocr_carea' id='block_1_2' title="bbox 233 445 1437 617">
    <p class='ocr_par' dir='ltr' id='par_1_2' title="bbox 233 445 1437 617">
     <span class='ocr_line' id='line_1_2' title="bbox 234 445 1436 534; baseline -0.003 -21"><span class='ocrx_word' id='word_1_5' title='bbox 234 450 416 514; x_wconf 86' lang='lat' dir='ltr'>traditionem</span> <span class='ocrx_word' id='word_1_6' title='bbox 442 461 561 514; x_wconf 89' lang='lat' dir='ltr'>strenue</span> <span class='ocrx_word' id='word_1_7' title='bbox 587 451 754 534; x_wconf 79' lang='lat' dir='ltr'>compulsos</span> <span class='ocrx_word' id='word_1_8' title='bbox 778 450 1062 527; x_wconf 60' lang='lat' dir='ltr'>inisse‘tcsterrtur3</span> <span class='ocrx_word' id='word_1_9' title='bbox 1093 456 1159 509; x_wconf 83' lang='lat' dir='ltr'>turn.</span> <span class='ocrx_word' id='word_1_10' title='bbox 1177 445 1305 507; x_wconf 81' lang='lat' dir='ltr'>ostendit</span> <span class='ocrx_word' id='word_1_11' title='bbox 1330 466 1436 528; x_wconf 73' lang='lat' dir='ltr'>quoque</span> 
     </span>
     <span class='ocr_line' id='line_1_3' title="bbox 233 534 1437 617; baseline -0.005 -16"><span class='ocrx_word' id='word_1_12' title='bbox 233 539 424 602; x_wconf 79' lang='lat' dir='ltr'>famosissimi</span> <span class='ocrx_word' id='word_1_13' title='bbox 437 539 657 601; x_wconf 70' lang='lat' dir='ltr'>Donatistarum</span> <span class='ocrx_word' id='word_1_14' title='bbox 672 538 840 602; x_wconf 72' lang='lat' dir='ltr'>schismatis</span> <span class='ocrx_word' id='word_1_15' title='bbox 856 537 990 614; x_wconf 87' lang='lat' dir='ltr'>historia,</span> <span class='ocrx_word' id='word_1_16' title='bbox 1007 538 1084 617; x_wconf 83' lang='lat' dir='ltr'>quod</span> <span class='ocrx_word' id='word_1_17' title='bbox 1102 537 1138 596; x_wconf 91' lang='lat' dir='ltr'>ob</span> <span class='ocrx_word' id='word_1_18' title='bbox 1155 534 1311 596; x_wconf 82' lang='lat' dir='ltr'>traditores</span> <span class='ocrx_word' id='word_1_19' title='bbox 1327 534 1437 615; x_wconf 85' lang='lat' dir='ltr'>episco-</span> 
     </span>
    </p>
   </div>
   <div class='ocr_carea' id='block_1_3' title="bbox 233 621 1477 708">
    <p class='ocr_par' dir='ltr' id='par_1_3' title="bbox 233 621 1477 708">
     <span class='ocr_line' id='line_1_4' title="bbox 233 621 1477 708; baseline -0.004 -20"><span class='ocrx_word' id='word_1_20' title='bbox 233 648 288 708; x_wconf 86' lang='lat' dir='ltr'>pos</span> <span class='ocrx_word' id='word_1_21' title='bbox 305 638 408 702; x_wconf 89' lang='lat' dir='ltr'>ortum,</span> <span class='ocrx_word' id='word_1_22' title='bbox 424 627 453 687; x_wconf 91' lang='lat' dir='ltr'>in</span> <span class='ocrx_word' id='word_1_23' title='bbox 472 622 598 689; x_wconf 60' lang='lat' dir='ltr'>e‘crhesia</span> <span class='ocrx_word' id='word_1_24' title='bbox 609 628 664 689; x_wconf 83' lang='lat' dir='ltr'>Dei</span> <span class='ocrx_word' id='word_1_25' title='bbox 682 628 837 689; x_wconf 90' lang='lat' dir='ltr'>diuturnas</span> <span class='ocrx_word' id='word_1_26' title='bbox 856 645 921 688; x_wconf 88' lang='lat' dir='ltr'>cusu</span> <span class='ocrx_word' id='word_1_27' title='bbox 936 624 1060 687; x_wconf 79' lang='lat' dir='ltr'>maxime</span> <span class='ocrx_word' id='word_1_28' title='bbox 1072 621 1435 703; x_wconf 74' lang='lat' dir='ltr'>nomenquetrhrtsstms</span> <span class='ocrx_word' id='word_1_29' title='bbox 1470 680 1477 689; x_wconf 85' lang='grc'><strong>,</strong></span> 
     </span>
    </p>
   </div>
   <div class='ocr_carea' id='block_1_4' title="bbox 151 709 1441 2285">
    <p class='ocr_par' dir='ltr' id='par_1_4' title="bbox 151 709 1441 2285">
     <span class='ocr_line' id='line_1_5' title="bbox 234 709 1435 791; baseline -0.004 -14"><span class='ocrx_word' id='word_1_30' title='bbox 234 719 337 777; x_wconf 85' lang='lat' dir='ltr'>turbas</span> <span class='ocrx_word' id='word_1_31' title='bbox 355 714 502 781; x_wconf 85' lang='lat' dir='ltr'>excitarit.</span> <span class='ocrx_word' id='word_1_32' title='bbox 546 714 662 777; x_wconf 80' lang='lat' dir='ltr'>Sufficit</span> <span class='ocrx_word' id='word_1_33' title='bbox 679 715 763 778; x_wconf 90' lang='lat' dir='ltr'>nobis</span> <span class='ocrx_word' id='word_1_34' title='bbox 783 714 896 776; x_wconf 89' lang='lat' dir='ltr'>interim</span> <span class='ocrx_word' id='word_1_35' title='bbox 920 712 1094 791; x_wconf 72' lang='lat' dir='ltr'>ostendisse,</span> <span class='ocrx_word' id='word_1_36' title='bbox 1114 732 1174 772; x_wconf 79' lang='lat' dir='ltr'>noa</span> <span class='ocrx_word' id='word_1_37' title='bbox 1190 711 1336 773; x_wconf 80' lang='lat' dir='ltr'>inmunes</span> <span class='ocrx_word' id='word_1_38' title='bbox 1351 709 1435 772; x_wconf 80' lang='lat' dir='ltr'>inisse</span> 
     </span>
     <span class='ocr_line' id='line_1_6' title="bbox 235 801 1436 884; baseline -0.005 -20"><span class='ocrx_word' id='word_1_39' title='bbox 235 802 399 864; x_wconf 81' lang='lat' dir='ltr'>traditionis</span> <span class='ocrx_word' id='word_1_40' title='bbox 418 803 590 884; x_wconf 88' lang='lat' dir='ltr'>episcopus,</span> <span class='ocrx_word' id='word_1_41' title='bbox 615 806 666 865; x_wconf 90' lang='lat' dir='ltr'>sed</span> <span class='ocrx_word' id='word_1_42' title='bbox 685 802 823 883; x_wconf 85' lang='lat' dir='ltr'>abreptos</span> <span class='ocrx_word' id='word_1_43' title='bbox 847 801 944 882; x_wconf 86' lang='lat' dir='ltr'>petius</span> <span class='ocrx_word' id='word_1_44' title='bbox 968 819 1082 881; x_wconf 88' lang='lat' dir='ltr'>poenae</span> <span class='ocrx_word' id='word_1_45' title='bbox 1107 810 1203 877; x_wconf 87' lang='lat' dir='ltr'>metu,</span> <span class='ocrx_word' id='word_1_46' title='bbox 1225 808 1436 880; x_wconf 67' lang='lat' dir='ltr'>persecutorum</span> 
     </span>
     <span class='ocr_line' id='line_1_7' title="bbox 234 886 1436 973; baseline -0.004 -21"><span class='ocrx_word' id='word_1_47' title='bbox 234 890 317 952; x_wconf 91' lang='lat' dir='ltr'>nutui</span> <span class='ocrx_word' id='word_1_48' title='bbox 335 911 441 952; x_wconf 84' lang='lat' dir='ltr'>moreau</span> <span class='ocrx_word' id='word_1_49' title='bbox 458 891 607 971; x_wconf 79' lang='lat' dir='ltr'>gessisse3</span> <span class='ocrx_word' id='word_1_50' title='bbox 623 891 794 973; x_wconf 87' lang='lat' dir='ltr'>praesertim</span> <span class='ocrx_word' id='word_1_51' title='bbox 810 910 875 951; x_wconf 85' lang='lat' dir='ltr'>curs</span> <span class='ocrx_word' id='word_1_52' title='bbox 891 889 948 969; x_wconf 90' lang='lat' dir='ltr'>ipsi</span> <span class='ocrx_word' id='word_1_53' title='bbox 965 908 1081 972; x_wconf 81' lang='lat' dir='ltr'>quoque</span> <span class='ocrx_word' id='word_1_54' title='bbox 1094 886 1212 949; x_wconf 88' lang='lat' dir='ltr'>cedices</span> <span class='ocrx_word' id='word_1_55' title='bbox 1226 906 1328 948; x_wconf 88' lang='lat' dir='ltr'>secum</span> <span class='ocrx_word' id='word_1_56' title='bbox 1339 887 1436 947; x_wconf 76' lang='lat' dir='ltr'>hebere</span> 
     </span>
     <span class='ocr_line' id='line_1_8' title="bbox 235 972 1435 1063; baseline -0.005 -24"><span class='ocrx_word' id='word_1_57' title='bbox 235 977 449 1055; x_wconf 80' lang='lat' dir='ltr'>consueverint,</span> <span class='ocrx_word' id='word_1_58' title='bbox 465 989 497 1040; x_wconf 89' lang='lat' dir='ltr'>ut</span> <span class='ocrx_word' id='word_1_59' title='bbox 512 986 591 1058; x_wconf 90' lang='lat' dir='ltr'>patet</span> <span class='ocrx_word' id='word_1_60' title='bbox 606 979 739 1058; x_wconf 77' lang='lat' dir='ltr'>exemplo</span> <span class='ocrx_word' id='word_1_61' title='bbox 754 978 866 1063; x_wconf 66' lang='lat' dir='ltr'>Felicis</span> <span class='ocrx_word' id='word_1_62' title='bbox 881 974 1106 1058; x_wconf 78' lang='lat' dir='ltr'>Tubynacensis</span> <span class='ocrx_word' id='word_1_63' title='bbox 1122 975 1195 1055; x_wconf 75' lang='lat' dir='ltr'>(sid.</span> <span class='ocrx_word' id='word_1_64' title='bbox 1205 974 1279 1037; x_wconf 78' lang='lat' dir='ltr'>dcte</span> <span class='ocrx_word' id='word_1_65' title='bbox 1296 995 1322 1036; x_wconf 90' lang='lat' dir='ltr'>s.</span> <span class='ocrx_word' id='word_1_66' title='bbox 1335 972 1435 1036; x_wconf 81' lang='lat' dir='ltr'>Felicis</span> 
     </span>
     <span class='ocr_line' id='line_1_9' title="bbox 234 1064 1441 1148; baseline -0.004 -20"><span class='ocrx_word' id='word_1_67' title='bbox 234 1069 277 1128; x_wconf 81' lang='lat' dir='ltr'>ed</span> <span class='ocrx_word' id='word_1_68' title='bbox 288 1069 387 1128; x_wconf 83' lang='lat' dir='ltr'>enicem</span> <span class='ocrx_word' id='word_1_69' title='bbox 403 1065 501 1147; x_wconf 88' lang='lat' dir='ltr'>Optati</span> <span class='ocrx_word' id='word_1_70' title='bbox 516 1088 545 1145; x_wconf 84' lang='lat' dir='ltr'>p.</span> <span class='ocrx_word' id='word_1_71' title='bbox 560 1089 598 1128; x_wconf 85' lang='lat' dir='ltr'>sn.</span> <span class='ocrx_word' id='word_1_72' title='bbox 616 1068 712 1148; x_wconf 75' lang='grc'><strong>146).</strong></span> <span class='ocrx_word' id='word_1_73' title='bbox 743 1067 851 1128; x_wconf 86' lang='lat' dir='ltr'>Pedem</span> <span class='ocrx_word' id='word_1_74' title='bbox 867 1064 960 1144; x_wconf 76' lang='lat' dir='ltr'>igitur</span> <span class='ocrx_word' id='word_1_75' title='bbox 976 1067 1011 1126; x_wconf 94' lang='lat' dir='ltr'>ad</span> <span class='ocrx_word' id='word_1_76' title='bbox 1028 1064 1216 1146; x_wconf 78' lang='lat' dir='ltr'>presbyteres</span> <span class='ocrx_word' id='word_1_77' title='bbox 1232 1080 1441 1142; x_wconf 74' lang='lat' dir='ltr'>prorueremus,¹</span> 
     </span>
     <span class='ocr_line' id='line_1_10' title="bbox 235 1149 1435 1234; baseline -0.004 -19"><span class='ocrx_word' id='word_1_78' title='bbox 235 1174 309 1234; x_wconf 84' lang='lat' dir='ltr'>quus</span> <span class='ocrx_word' id='word_1_79' title='bbox 331 1153 430 1214; x_wconf 88' lang='lat' dir='ltr'>itidem</span> <span class='ocrx_word' id='word_1_80' title='bbox 447 1156 483 1215; x_wconf 93' lang='lat' dir='ltr'>ad</span> <span class='ocrx_word' id='word_1_81' title='bbox 502 1154 635 1215; x_wconf 85' lang='lat' dir='ltr'>codicum</span> <span class='ocrx_word' id='word_1_82' title='bbox 659 1154 842 1216; x_wconf 79' lang='lat' dir='ltr'>traditionem</span> <span class='ocrx_word' id='word_1_83' title='bbox 861 1162 979 1215; x_wconf 81' lang='lat' dir='ltr'>vocatos</span> <span class='ocrx_word' id='word_1_84' title='bbox 998 1171 1066 1214; x_wconf 91' lang='lat' dir='ltr'>esse</span> <span class='ocrx_word' id='word_1_85' title='bbox 1085 1173 1123 1213; x_wconf 84' lang='lat' dir='ltr'>ex</span> <span class='ocrx_word' id='word_1_86' title='bbox 1139 1150 1274 1213; x_wconf 83' lang='lat' dir='ltr'>dicendis</span> <span class='ocrx_word' id='word_1_87' title='bbox 1293 1149 1435 1212; x_wconf 77' lang='lat' dir='ltr'>comtabit</span> 
     </span>
     <span class='ocr_line' id='line_1_11' title="bbox 234 1237 1435 1323; baseline -0.004 -21"><span class='ocrx_word' id='word_1_88' title='bbox 234 1241 272 1302; x_wconf 86' lang='lat' dir='ltr'>Et</span> <span class='ocrx_word' id='word_1_89' title='bbox 288 1240 410 1321; x_wconf 88' lang='lat' dir='ltr'>primunr</span> <span class='ocrx_word' id='word_1_90' title='bbox 427 1243 544 1323; x_wconf 84' lang='lat' dir='ltr'>quidem</span> <span class='ocrx_word' id='word_1_91' title='bbox 560 1253 641 1304; x_wconf 86' lang='lat' dir='ltr'>extra</span> <span class='ocrx_word' id='word_1_92' title='bbox 656 1240 882 1304; x_wconf 80' lang='lat' dir='ltr'>controversiam</span> <span class='ocrx_word' id='word_1_93' title='bbox 896 1248 950 1321; x_wconf 85' lang='lat' dir='ltr'>cst,</span> <span class='ocrx_word' id='word_1_94' title='bbox 966 1238 1181 1321; x_wconf 73' lang='lat' dir='ltr'>antiquioribus</span> <span class='ocrx_word' id='word_1_95' title='bbox 1189 1238 1252 1320; x_wconf 87' lang='lat' dir='ltr'>jam</span> <span class='ocrx_word' id='word_1_96' title='bbox 1268 1237 1435 1318; x_wconf 69' lang='lat' dir='ltr'>temporibus</span> 
     </span>
     <span class='ocr_line' id='line_1_12' title="bbox 234 1328 1436 1410; baseline -0.004 -21"><span class='ocrx_word' id='word_1_97' title='bbox 234 1348 270 1389; x_wconf 89' lang='lat' dir='ltr'>ac</span> <span class='ocrx_word' id='word_1_98' title='bbox 287 1349 359 1389; x_wconf 88' lang='lat' dir='ltr'>aero</span> <span class='ocrx_word' id='word_1_99' title='bbox 376 1329 537 1409; x_wconf 89' lang='lat' dir='ltr'>eposteiico</span> <span class='ocrx_word' id='word_1_100' title='bbox 565 1330 706 1410; x_wconf 82' lang='lat' dir='ltr'>proximis</span> <span class='ocrx_word' id='word_1_101' title='bbox 736 1349 851 1391; x_wconf 88' lang='lat' dir='ltr'>sacram</span> <span class='ocrx_word' id='word_1_102' title='bbox 872 1329 947 1390; x_wconf 91' lang='lat' dir='ltr'>hauc</span> <span class='ocrx_word' id='word_1_103' title='bbox 966 1328 1061 1390; x_wconf 85' lang='lat' dir='ltr'>fuisse</span> <span class='ocrx_word' id='word_1_104' title='bbox 1080 1328 1321 1408; x_wconf 72' lang='lat' dir='ltr'>presbyterorum</span> <span class='ocrx_word' id='word_1_105' title='bbox 1337 1344 1436 1400; x_wconf 79' lang='lat' dir='ltr'>earam,</span> 
     </span>
     <span class='ocr_line' id='line_1_13' title="bbox 233 1410 1438 1480; baseline -0.006 -3"><span class='ocrx_word' id='word_1_106' title='bbox 233 1425 266 1477; x_wconf 89' lang='lat' dir='ltr'>ut</span> <span class='ocrx_word' id='word_1_107' title='bbox 283 1414 376 1478; x_wconf 79' lang='lat' dir='ltr'>horos</span> <span class='ocrx_word' id='word_1_108' title='bbox 394 1437 495 1478; x_wconf 89' lang='lat' dir='ltr'>sacros</span> <span class='ocrx_word' id='word_1_109' title='bbox 514 1417 729 1480; x_wconf 86' lang='lat' dir='ltr'>studiosissime</span> <span class='ocrx_word' id='word_1_110' title='bbox 746 1418 777 1479; x_wconf 85' lang='lat' dir='ltr'>is</span> <span class='ocrx_word' id='word_1_111' title='bbox 797 1415 990 1479; x_wconf 82' lang='lat' dir='ltr'>ecclesiarum</span> <span class='ocrx_word' id='word_1_112' title='bbox 1006 1435 1089 1477; x_wconf 90' lang='lat' dir='ltr'>usuur</span> <span class='ocrx_word' id='word_1_113' title='bbox 1106 1417 1307 1476; x_wconf 80' lang='lat' dir='ltr'>adserverest.</span> <span class='ocrx_word' id='word_1_114' title='bbox 1351 1410 1438 1475; x_wconf 80' lang='lat' dir='ltr'>Ericit</span> 
     </span>
     <span class='ocr_line' id='line_1_14' title="bbox 233 1499 1435 1586; baseline -0.002 -23"><span class='ocrx_word' id='word_1_115' title='bbox 233 1503 290 1565; x_wconf 91' lang='lat' dir='ltr'>boe</span> <span class='ocrx_word' id='word_1_116' title='bbox 308 1504 402 1584; x_wconf 89' lang='lat' dir='ltr'>ipsum</span> <span class='ocrx_word' id='word_1_117' title='bbox 416 1504 651 1567; x_wconf 78' lang='lat' dir='ltr'>luculentissime</span> <span class='ocrx_word' id='word_1_118' title='bbox 663 1527 700 1567; x_wconf 84' lang='lat' dir='ltr'>ex</span> <span class='ocrx_word' id='word_1_119' title='bbox 712 1504 916 1586; x_wconf 83' lang='lat' dir='ltr'>antiquissimo</span> <span class='ocrx_word' id='word_1_120' title='bbox 929 1524 953 1565; x_wconf 92' lang='lat' dir='ltr'>s.</span> <span class='ocrx_word' id='word_1_121' title='bbox 965 1503 1080 1564; x_wconf 85' lang='lat' dir='ltr'>hreuast</span> <span class='ocrx_word' id='word_1_122' title='bbox 1092 1501 1258 1564; x_wconf 85' lang='lat' dir='ltr'>testimonie</span> <span class='ocrx_word' id='word_1_123' title='bbox 1267 1504 1313 1564; x_wconf 84' lang='lat' dir='ltr'>io.</span> <span class='ocrx_word' id='word_1_124' title='bbox 1325 1499 1435 1562; x_wconf 80' lang='lat' dir='ltr'>Frihius</span> 
     </span>
     <span class='ocr_line' id='line_1_15' title="bbox 233 1593 1436 1669; baseline -0.003 -17"><span class='ocrx_word' id='word_1_125' title='bbox 233 1593 263 1653; x_wconf 91' lang='lat' dir='ltr'>in</span> <span class='ocrx_word' id='word_1_126' title='bbox 286 1597 435 1655; x_wconf 72' lang='lat' dir='ltr'>Commeat.</span> <span class='ocrx_word' id='word_1_127' title='bbox 454 1595 731 1669; x_wconf 73' lang='lat' dir='ltr'>theutonico-critice</span> <span class='ocrx_word' id='word_1_128' title='bbox 757 1594 790 1653; x_wconf 88' lang='lat' dir='ltr'>dc</span> <span class='ocrx_word' id='word_1_129' title='bbox 808 1614 875 1654; x_wconf 84' lang='lat' dir='ltr'>curu</span> <span class='ocrx_word' id='word_1_130' title='bbox 900 1597 996 1654; x_wconf 70' lang='lat' dir='ltr'>emeris</span> <span class='ocrx_word' id='word_1_131' title='bbox 1019 1593 1148 1652; x_wconf 77' lang='lat' dir='ltr'>ecclesius</span> <span class='ocrx_word' id='word_1_132' title='bbox 1171 1596 1244 1652; x_wconf 80' lang='lat' dir='ltr'>circe</span> <span class='ocrx_word' id='word_1_133' title='bbox 1264 1609 1392 1651; x_wconf 74' lang='lat' dir='ltr'>cuasam</span> <span class='ocrx_word' id='word_1_134' title='bbox 1408 1593 1436 1648; x_wconf 78' lang='lat'>8.</span> 
     </span>
     <span class='ocr_line' id='line_1_16' title="bbox 235 1672 1436 1758; baseline -0.003 -18"><span class='ocrx_word' id='word_1_135' title='bbox 235 1685 337 1758; x_wconf 68' lang='lat' dir='ltr'>floriet.</span> <span class='ocrx_word' id='word_1_136' title='bbox 350 1689 376 1739; x_wconf 87' lang='lat' dir='ltr'>et</span> <span class='ocrx_word' id='word_1_137' title='bbox 390 1683 606 1743; x_wconf 72' lang='lat' dir='ltr'>concurrendum</span> <span class='ocrx_word' id='word_1_138' title='bbox 621 1681 743 1740; x_wconf 86' lang='lat' dir='ltr'>codicum</span> <span class='ocrx_word' id='word_1_139' title='bbox 758 1686 907 1758; x_wconf 77' lang='lat' dir='ltr'>paritatem</span> <span class='ocrx_word' id='word_1_140' title='bbox 922 1700 949 1758; x_wconf 77' lang='lat' dir='ltr'>p.</span> <span class='ocrx_word' id='word_1_141' title='bbox 962 1680 1013 1740; x_wconf 77' lang='grc'>61.</span> <span class='ocrx_word' id='word_1_142' title='bbox 1038 1678 1102 1739; x_wconf 78' lang='lat' dir='ltr'>dam</span> <span class='ocrx_word' id='word_1_143' title='bbox 1116 1698 1184 1740; x_wconf 79' lang='lat' dir='ltr'>vero</span> <span class='ocrx_word' id='word_1_144' title='bbox 1201 1677 1323 1738; x_wconf 85' lang='lat' dir='ltr'>dubium</span> <span class='ocrx_word' id='word_1_145' title='bbox 1334 1672 1436 1736; x_wconf 84' lang='lat' dir='ltr'>nulium</span> 
     </span>
     <span class='ocr_line' id='line_1_17' title="bbox 234 1762 1438 1849; baseline -0.003 -23"><span class='ocrx_word' id='word_1_146' title='bbox 234 1776 290 1838; x_wconf 81' lang='lat' dir='ltr'>est,</span> <span class='ocrx_word' id='word_1_147' title='bbox 308 1764 384 1827; x_wconf 86' lang='lat' dir='ltr'>idem</span> <span class='ocrx_word' id='word_1_148' title='bbox 404 1766 552 1845; x_wconf 78' lang='lat' dir='ltr'>negotium</span> <span class='ocrx_word' id='word_1_149' title='bbox 573 1767 769 1829; x_wconf 82' lang='lat' dir='ltr'>concreditum</span> <span class='ocrx_word' id='word_1_150' title='bbox 786 1786 902 1846; x_wconf 85' lang='lat' dir='ltr'>quoquc</span> <span class='ocrx_word' id='word_1_151' title='bbox 918 1767 1007 1849; x_wconf 85' lang='lat' dir='ltr'>hujus</span> <span class='ocrx_word' id='word_1_152' title='bbox 1024 1764 1130 1827; x_wconf 89' lang='lat' dir='ltr'>aetatis</span> <span class='ocrx_word' id='word_1_153' title='bbox 1148 1765 1329 1845; x_wconf 81' lang='lat' dir='ltr'>presbyteris</span> <span class='ocrx_word' id='word_1_154' title='bbox 1341 1762 1438 1840; x_wconf 81' lang='lat' dir='ltr'>fuisse,</span> 
     </span>
     <span class='ocr_line' id='line_1_18' title="bbox 234 1848 1438 1935; baseline -0.002 -22"><span class='ocrx_word' id='word_1_155' title='bbox 234 1862 265 1913; x_wconf 91' lang='lat' dir='ltr'>ut</span> <span class='ocrx_word' id='word_1_156' title='bbox 282 1851 441 1932; x_wconf 86' lang='lat' dir='ltr'>principem</span> <span class='ocrx_word' id='word_1_157' title='bbox 460 1851 539 1914; x_wconf 87' lang='lat' dir='ltr'>reiut</span> <span class='ocrx_word' id='word_1_158' title='bbox 555 1874 654 1915; x_wconf 87' lang='lat' dir='ltr'>curans</span> <span class='ocrx_word' id='word_1_159' title='bbox 671 1863 699 1915; x_wconf 87' lang='lat' dir='ltr'>et</span> <span class='ocrx_word' id='word_1_160' title='bbox 715 1855 799 1935; x_wconf 87' lang='lat' dir='ltr'>qnasi</span> <span class='ocrx_word' id='word_1_161' title='bbox 817 1852 1030 1932; x_wconf 80' lang='lat' dir='ltr'>inspectionem</span> <span class='ocrx_word' id='word_1_162' title='bbox 1047 1853 1189 1915; x_wconf 83' lang='lat' dir='ltr'>baberent</span> <span class='ocrx_word' id='word_1_163' title='bbox 1207 1852 1237 1913; x_wconf 89' lang='lat' dir='ltr'>iu</span> <span class='ocrx_word' id='word_1_164' title='bbox 1255 1871 1342 1914; x_wconf 86' lang='lat' dir='ltr'>sacre</span> <span class='ocrx_word' id='word_1_165' title='bbox 1355 1848 1438 1912; x_wconf 83' lang='lat' dir='ltr'>reln-</span> 
     </span>
     <span class='ocr_line' id='line_1_19' title="bbox 151 1939 1438 2022; baseline -0.002 -21"><span class='ocrx_word' id='word_1_166' title='bbox 151 1964 159 1972; x_wconf 82' lang='grc'><em>’</em></span> <span class='ocrx_word' id='word_1_167' title='bbox 234 1939 327 2017; x_wconf 82' lang='lat' dir='ltr'>uriae,</span> <span class='ocrx_word' id='word_1_168' title='bbox 353 1958 428 2021; x_wconf 87' lang='lat' dir='ltr'>quae</span> <span class='ocrx_word' id='word_1_169' title='bbox 456 1939 573 2020; x_wconf 78' lang='lat' dir='ltr'>publico</span> <span class='ocrx_word' id='word_1_170' title='bbox 593 1939 738 2003; x_wconf 84' lang='lat' dir='ltr'>ecciesiae</span> <span class='ocrx_word' id='word_1_171' title='bbox 763 1942 832 2003; x_wconf 92' lang='lat' dir='ltr'>usui</span> <span class='ocrx_word' id='word_1_172' title='bbox 851 1941 997 2003; x_wconf 87' lang='lat' dir='ltr'>destinata</span> <span class='ocrx_word' id='word_1_173' title='bbox 1016 1940 1244 2022; x_wconf 78' lang='lat' dir='ltr'>reponebantur.</span> <span class='ocrx_word' id='word_1_174' title='bbox 1290 1940 1438 2019; x_wconf 80' lang='lat' dir='ltr'>Frequen-</span> 
     </span>
     <span class='ocr_line' id='line_1_20' title="bbox 234 2025 1439 2109; baseline -0.002 -21"><span class='ocrx_word' id='word_1_175' title='bbox 234 2027 345 2090; x_wconf 90' lang='lat' dir='ltr'>tissima</span> <span class='ocrx_word' id='word_1_176' title='bbox 365 2037 443 2089; x_wconf 90' lang='lat' dir='ltr'>certe</span> <span class='ocrx_word' id='word_1_177' title='bbox 460 2032 693 2109; x_wconf 75' lang='lat' dir='ltr'>presbyterorum</span> <span class='ocrx_word' id='word_1_178' title='bbox 711 2039 755 2091; x_wconf 88' lang='lat' dir='ltr'>est</span> <span class='ocrx_word' id='word_1_179' title='bbox 773 2028 879 2091; x_wconf 88' lang='lat' dir='ltr'>mentio</span> <span class='ocrx_word' id='word_1_180' title='bbox 897 2028 926 2090; x_wconf 89' lang='lat' dir='ltr'>iu</span> <span class='ocrx_word' id='word_1_181' title='bbox 946 2029 1021 2090; x_wconf 90' lang='lat' dir='ltr'>actis</span> <span class='ocrx_word' id='word_1_182' title='bbox 1037 2037 1212 2109; x_wconf 83' lang='lat' dir='ltr'>martyram,</span> <span class='ocrx_word' id='word_1_183' title='bbox 1229 2026 1279 2107; x_wconf 84' lang='lat' dir='ltr'>qui</span> <span class='ocrx_word' id='word_1_184' title='bbox 1299 2025 1356 2086; x_wconf 90' lang='lat' dir='ltr'>boc</span> <span class='ocrx_word' id='word_1_185' title='bbox 1372 2036 1439 2087; x_wconf 88' lang='lat' dir='ltr'>tenr-</span> 
     </span>
     <span class='ocr_line' id='line_1_21' title="bbox 206 2112 1438 2199; baseline -0.002 -23"><span class='ocrx_word' id='word_1_186' title='bbox 206 2187 225 2199; x_wconf 46' lang='lat'><em>-</em></span> <span class='ocrx_word' id='word_1_187' title='bbox 234 2135 304 2197; x_wconf 86' lang='lat' dir='ltr'>pore</span> <span class='ocrx_word' id='word_1_188' title='bbox 315 2115 400 2194; x_wconf 79' lang='lat' dir='ltr'>passi</span> <span class='ocrx_word' id='word_1_189' title='bbox 418 2127 501 2192; x_wconf 80' lang='lat' dir='ltr'>suut3</span> <span class='ocrx_word' id='word_1_190' title='bbox 519 2124 547 2177; x_wconf 88' lang='lat' dir='ltr'>ct</span> <span class='ocrx_word' id='word_1_191' title='bbox 564 2128 684 2178; x_wconf 85' lang='lat' dir='ltr'>testatur</span> <span class='ocrx_word' id='word_1_192' title='bbox 697 2118 783 2179; x_wconf 88' lang='lat' dir='ltr'>etiam</span> <span class='ocrx_word' id='word_1_193' title='bbox 798 2118 904 2178; x_wconf 86' lang='lat' dir='ltr'>diserte</span> <span class='ocrx_word' id='word_1_194' title='bbox 918 2117 1043 2197; x_wconf 86' lang='lat' dir='ltr'>Optatus</span> <span class='ocrx_word' id='word_1_195' title='bbox 1055 2116 1120 2177; x_wconf 85' lang='lat' dir='ltr'>loco</span> <span class='ocrx_word' id='word_1_196' title='bbox 1130 2116 1191 2197; x_wconf 87' lang='lat' dir='ltr'>jam</span> <span class='ocrx_word' id='word_1_197' title='bbox 1205 2134 1296 2194; x_wconf 82' lang='lat' dir='ltr'>supra</span> <span class='ocrx_word' id='word_1_198' title='bbox 1310 2112 1438 2190; x_wconf 72' lang='lat' dir='ltr'>excitato,</span> 
     </span>
     <span class='ocr_line' id='line_1_22' title="bbox 232 2201 1439 2285; baseline -0.002 -22"><span class='ocrx_word' id='word_1_199' title='bbox 232 2205 308 2264; x_wconf 91' lang='lat' dir='ltr'>inter</span> <span class='ocrx_word' id='word_1_200' title='bbox 325 2206 512 2284; x_wconf 83' lang='lat' dir='ltr'>presbyteros</span> <span class='ocrx_word' id='word_1_201' title='bbox 529 2225 653 2285; x_wconf 85' lang='lat' dir='ltr'>quoque,</span> <span class='ocrx_word' id='word_1_202' title='bbox 677 2205 706 2265; x_wconf 93' lang='lat' dir='ltr'>in</span> <span class='ocrx_word' id='word_1_203' title='bbox 727 2207 858 2266; x_wconf 81' lang='lat' dir='ltr'>secundo</span> <span class='ocrx_word' id='word_1_204' title='bbox 878 2205 1042 2266; x_wconf 90' lang='lat' dir='ltr'>sacerdotio</span> <span class='ocrx_word' id='word_1_205' title='bbox 1062 2204 1245 2280; x_wconf 87' lang='lat' dir='ltr'>constitutos,</span> <span class='ocrx_word' id='word_1_206' title='bbox 1270 2201 1439 2262; x_wconf 82' lang='lat' dir='ltr'>Traditores</span> 
     </span>
    </p>
   </div>
   <div class='ocr_carea' id='block_1_5' title="bbox 231 2289 1514 2377">
    <p class='ocr_par' dir='ltr' id='par_1_5' title="bbox 231 2289 1514 2377">
     <span class='ocr_line' id='line_1_23' title="bbox 231 2289 1514 2377; baseline -0.002 -25"><span class='ocrx_word' id='word_1_207' title='bbox 231 2290 378 2353; x_wconf 86' lang='lat' dir='ltr'>extitisse.</span> <span class='ocrx_word' id='word_1_208' title='bbox 410 2293 451 2351; x_wconf 89' lang='lat' dir='ltr'>ita</span> <span class='ocrx_word' id='word_1_209' title='bbox 466 2290 497 2350; x_wconf 91' lang='lat' dir='ltr'>iu</span> <span class='ocrx_word' id='word_1_210' title='bbox 512 2291 628 2353; x_wconf 84' lang='lat' dir='ltr'>civitate</span> <span class='ocrx_word' id='word_1_211' title='bbox 646 2292 855 2374; x_wconf 74' lang='lat' dir='ltr'>Tobyzacensi</span> <span class='ocrx_word' id='word_1_212' title='bbox 872 2313 937 2354; x_wconf 89' lang='lat' dir='ltr'>curu</span> <span class='ocrx_word' id='word_1_213' title='bbox 954 2302 1166 2373; x_wconf 85' lang='lat' dir='ltr'>proponeretur</span> <span class='ocrx_word' id='word_1_214' title='bbox 1181 2310 1368 2372; x_wconf 72' lang='lat' dir='ltr'>programma</span> <span class='ocrx_word' id='word_1_215' title='bbox 1382 2289 1441 2351; x_wconf 84' lang='lat' dir='ltr'>sire</span> <span class='ocrx_word' id='word_1_216' title='bbox 1513 2326 1514 2377; x_wconf 63' lang='grc' dir='ltr'><strong>ι</strong></span> 
     </span>
    </p>
   </div>
   <div class='ocr_carea' id='block_1_6' title="bbox 159 2376 1442 2811">
    <p class='ocr_par' dir='ltr' id='par_1_6' title="bbox 159 2376 1442 2811">
     <span class='ocr_line' id='line_1_24' title="bbox 159 2376 1439 2458; baseline -0.002 -18"><span class='ocrx_word' id='word_1_217' title='bbox 159 2382 168 2395; x_wconf 71' lang='grc'><strong>“</strong></span> <span class='ocrx_word' id='word_1_218' title='bbox 233 2378 357 2440; x_wconf 85' lang='lat' dir='ltr'>edictum</span> <span class='ocrx_word' id='word_1_219' title='bbox 383 2377 568 2457; x_wconf 88' lang='lat' dir='ltr'>imperatoris</span> <span class='ocrx_word' id='word_1_220' title='bbox 589 2391 689 2441; x_wconf 91' lang='lat' dir='ltr'>contra</span> <span class='ocrx_word' id='word_1_221' title='bbox 713 2379 849 2457; x_wconf 88' lang='lat' dir='ltr'>codices,</span> <span class='ocrx_word' id='word_1_222' title='bbox 878 2380 974 2441; x_wconf 90' lang='lat' dir='ltr'>statiru</span> <span class='ocrx_word' id='word_1_223' title='bbox 994 2377 1201 2458; x_wconf 79' lang='lat' dir='ltr'>Magniiianus</span> <span class='ocrx_word' id='word_1_224' title='bbox 1221 2385 1342 2439; x_wconf 86' lang='lat' dir='ltr'>curator</span> <span class='ocrx_word' id='word_1_225' title='bbox 1361 2376 1439 2439; x_wconf 83' lang='lat' dir='ltr'>istius</span> 
     </span>
     <span class='ocr_line' id='line_1_25' title="bbox 232 2463 1442 2554; baseline -0.002 -29"><span class='ocrx_word' id='word_1_226' title='bbox 232 2463 358 2526; x_wconf 79' lang='lat' dir='ltr'>ciuitatis</span> <span class='ocrx_word' id='word_1_227' title='bbox 372 2464 463 2545; x_wconf 87' lang='lat' dir='ltr'>jussit</span> <span class='ocrx_word' id='word_1_228' title='bbox 478 2467 514 2526; x_wconf 91' lang='lat' dir='ltr'>ad</span> <span class='ocrx_word' id='word_1_229' title='bbox 532 2486 566 2528; x_wconf 91' lang='lat' dir='ltr'>se</span> <span class='ocrx_word' id='word_1_230' title='bbox 582 2466 700 2548; x_wconf 87' lang='lat' dir='ltr'>perduci</span> <span class='ocrx_word' id='word_1_231' title='bbox 719 2469 918 2550; x_wconf 74' lang='lat' dir='ltr'>presbyteros,</span> <span class='ocrx_word' id='word_1_232' title='bbox 937 2474 965 2530; x_wconf 87' lang='lat' dir='ltr'>ct</span> <span class='ocrx_word' id='word_1_233' title='bbox 982 2487 1017 2527; x_wconf 90' lang='lat' dir='ltr'>ex</span> <span class='ocrx_word' id='word_1_234' title='bbox 1030 2466 1107 2554; x_wconf 89' lang='lat' dir='ltr'>ipsis</span> <span class='ocrx_word' id='word_1_235' title='bbox 1123 2470 1158 2528; x_wconf 89' lang='lat' dir='ltr'>de</span> <span class='ocrx_word' id='word_1_236' title='bbox 1176 2465 1271 2528; x_wconf 88' lang='lat' dir='ltr'>sacris</span> <span class='ocrx_word' id='word_1_237' title='bbox 1287 2463 1442 2527; x_wconf 82' lang='lat' dir='ltr'>volumini-</span> 
     </span>
     <span class='ocr_line' id='line_1_26' title="bbox 232 2549 1439 2637; baseline 0.001 -24"><span class='ocrx_word' id='word_1_238' title='bbox 232 2556 289 2614; x_wconf 89' lang='lat' dir='ltr'>hus</span> <span class='ocrx_word' id='word_1_239' title='bbox 310 2561 515 2633; x_wconf 87' lang='lat' dir='ltr'>percunctatus</span> <span class='ocrx_word' id='word_1_240' title='bbox 535 2565 578 2616; x_wconf 89' lang='lat' dir='ltr'>cst</span> <span class='ocrx_word' id='word_1_241' title='bbox 604 2553 677 2633; x_wconf 87' lang='lat' dir='ltr'>(rid.</span> <span class='ocrx_word' id='word_1_242' title='bbox 697 2555 770 2617; x_wconf 78' lang='lat' dir='ltr'>dcta</span> <span class='ocrx_word' id='word_1_243' title='bbox 796 2578 821 2619; x_wconf 59' lang='lat' dir='ltr'>s·</span> <span class='ocrx_word' id='word_1_244' title='bbox 841 2554 952 2617; x_wconf 83' lang='lat' dir='ltr'>Felicis</span> <span class='ocrx_word' id='word_1_245' title='bbox 970 2554 1196 2637; x_wconf 82' lang='lat' dir='ltr'>Tubyzacensis</span> <span class='ocrx_word' id='word_1_246' title='bbox 1216 2557 1253 2615; x_wconf 86' lang='lat' dir='ltr'>ad</span> <span class='ocrx_word' id='word_1_247' title='bbox 1270 2551 1321 2616; x_wconf 81' lang='lat' dir='ltr'>ssu.</span> <span class='ocrx_word' id='word_1_248' title='bbox 1347 2549 1439 2634; x_wconf 89' lang='lat' dir='ltr'>Optati</span> 
     </span>
     <span class='ocr_line' id='line_1_27' title="bbox 231 2638 1442 2724; baseline -0.001 -23"><span class='ocrx_word' id='word_1_249' title='bbox 231 2664 260 2721; x_wconf 85' lang='lat' dir='ltr'>p.</span> <span class='ocrx_word' id='word_1_250' title='bbox 278 2662 313 2702; x_wconf 88' lang='lat' dir='ltr'>m.</span> <span class='ocrx_word' id='word_1_251' title='bbox 334 2638 429 2720; x_wconf 75' lang='grc'><strong>146).</strong></span> <span class='ocrx_word' id='word_1_252' title='bbox 452 2640 576 2712; x_wconf 74' lang='lat' dir='ltr'>‚Pariter</span> <span class='ocrx_word' id='word_1_253' title='bbox 591 2663 705 2724; x_wconf 89' lang='lat' dir='ltr'>quoque</span> <span class='ocrx_word' id='word_1_254' title='bbox 723 2643 753 2705; x_wconf 92' lang='lat' dir='ltr'>in</span> <span class='ocrx_word' id='word_1_255' title='bbox 771 2643 886 2705; x_wconf 82' lang='lat' dir='ltr'>civitate</span> <span class='ocrx_word' id='word_1_256' title='bbox 904 2641 1070 2705; x_wconf 75' lang='lat' dir='ltr'>Mutinensi</span> <span class='ocrx_word' id='word_1_257' title='bbox 1087 2644 1289 2724; x_wconf 81' lang='lat' dir='ltr'>adprehensus</span> <span class='ocrx_word' id='word_1_258' title='bbox 1307 2662 1326 2703; x_wconf 92' lang='lat' dir='ltr'>a</span> <span class='ocrx_word' id='word_1_259' title='bbox 1343 2639 1442 2702; x_wconf 89' lang='lat' dir='ltr'>statio·</span> 
     </span>
     <span class='ocr_line' id='line_1_28' title="bbox 233 2727 1441 2811; baseline -0.002 -21"><span class='ocrx_word' id='word_1_260' title='bbox 233 2727 316 2790; x_wconf 90' lang='lat' dir='ltr'>uario</span> <span class='ocrx_word' id='word_1_261' title='bbox 337 2727 426 2789; x_wconf 88' lang='lat' dir='ltr'>milite</span> <span class='ocrx_word' id='word_1_262' title='bbox 451 2727 556 2791; x_wconf 92' lang='lat' dir='ltr'>dicitur</span> <span class='ocrx_word' id='word_1_263' title='bbox 575 2729 752 2791; x_wconf 88' lang='lat' dir='ltr'>Saturninus</span> <span class='ocrx_word' id='word_1_264' title='bbox 778 2734 946 2811; x_wconf 75' lang='lat' dir='ltr'>presbyter,</span> <span class='ocrx_word' id='word_1_265' title='bbox 975 2731 1023 2810; x_wconf 86' lang='lat' dir='ltr'>qui</span> <span class='ocrx_word' id='word_1_266' title='bbox 1048 2738 1077 2792; x_wconf 87' lang='lat' dir='ltr'>ct</span> <span class='ocrx_word' id='word_1_267' title='bbox 1100 2731 1164 2810; x_wconf 85' lang='lat' dir='ltr'>ipse</span> <span class='ocrx_word' id='word_1_268' title='bbox 1186 2751 1246 2791; x_wconf 86' lang='lat' dir='ltr'>una</span> <span class='ocrx_word' id='word_1_269' title='bbox 1265 2750 1331 2791; x_wconf 91' lang='lat' dir='ltr'>eum</span> <span class='ocrx_word' id='word_1_270' title='bbox 1356 2727 1441 2791; x_wconf 89' lang='lat' dir='ltr'>sociis</span> 
     </span>
    </p>
   </div>
   <div class='ocr_carea' id='block_1_7' title="bbox 232 2816 1513 3073">
    <p class='ocr_par' dir='ltr' id='par_1_7' title="bbox 232 2816 1513 3073">
     <span class='ocr_line' id='line_1_29' title="bbox 234 2816 1513 2900; baseline -0.001 -23"><span class='ocrx_word' id='word_1_271' title='bbox 234 2816 399 2897; x_wconf 78' lang='lat' dir='ltr'>runrtyriunr</span> <span class='ocrx_word' id='word_1_272' title='bbox 418 2816 528 2893; x_wconf 81' lang='lat' dir='ltr'>subiit3</span> <span class='ocrx_word' id='word_1_273' title='bbox 547 2817 587 2879; x_wconf 91' lang='lat' dir='ltr'>nti</span> <span class='ocrx_word' id='word_1_274' title='bbox 608 2819 762 2900; x_wconf 84' lang='lat' dir='ltr'>ostendunt</span> <span class='ocrx_word' id='word_1_275' title='bbox 776 2817 850 2879; x_wconf 81' lang='lat' dir='ltr'>Acta</span> <span class='ocrx_word' id='word_1_276' title='bbox 866 2818 1017 2879; x_wconf 89' lang='lat' dir='ltr'>Saturnini</span> <span class='ocrx_word' id='word_1_277' title='bbox 1038 2825 1092 2880; x_wconf 87' lang='lat' dir='ltr'>cet.</span> <span class='ocrx_word' id='word_1_278' title='bbox 1108 2820 1207 2880; x_wconf 84' lang='lat' dir='ltr'>ibidem</span> <span class='ocrx_word' id='word_1_279' title='bbox 1222 2839 1253 2898; x_wconf 84' lang='lat' dir='ltr'>p.</span> <span class='ocrx_word' id='word_1_280' title='bbox 1269 2819 1351 2894; x_wconf 56' lang='grc' dir='ltr'>151η</span> <span class='ocrx_word' id='word_1_281' title='bbox 1372 2835 1442 2898; x_wconf 87' lang='lat' dir='ltr'>quae</span> <span class='ocrx_word' id='word_1_282' title='bbox 1512 2883 1513 2888; x_wconf 9' lang='grc' dir='ltr'>η</span> 
     </span>
     <span class='ocr_line' id='line_1_30' title="bbox 232 2895 1513 2986; baseline 0.002 -23"><span class='ocrx_word' id='word_1_283' title='bbox 232 2903 301 2964; x_wconf 86' lang='lat' dir='ltr'>hicet</span> <span class='ocrx_word' id='word_1_284' title='bbox 314 2926 330 2964; x_wconf 94' lang='lat' dir='ltr'>e</span> <span class='ocrx_word' id='word_1_285' title='bbox 343 2905 498 2966; x_wconf 86' lang='lat' dir='ltr'>Donatista</span> <span class='ocrx_word' id='word_1_286' title='bbox 514 2908 637 2985; x_wconf 89' lang='lat' dir='ltr'>quodam</span> <span class='ocrx_word' id='word_1_287' title='bbox 651 2905 811 2985; x_wconf 85' lang='lat' dir='ltr'>composita</span> <span class='ocrx_word' id='word_1_288' title='bbox 828 2905 946 2984; x_wconf 84' lang='lat' dir='ltr'>suerint,</span> <span class='ocrx_word' id='word_1_289' title='bbox 963 2926 1015 2986; x_wconf 89' lang='lat' dir='ltr'>pro</span> <span class='ocrx_word' id='word_1_290' title='bbox 1029 2904 1168 2985; x_wconf 76' lang='lat' dir='ltr'>genuinis</span> <span class='ocrx_word' id='word_1_291' title='bbox 1180 2914 1274 2966; x_wconf 90' lang='lat' dir='ltr'>tamea</span> <span class='ocrx_word' id='word_1_292' title='bbox 1289 2903 1440 2966; x_wconf 85' lang='lat' dir='ltr'>maximam</span> <span class='ocrx_word' id='word_1_293' title='bbox 1512 2895 1513 2966; x_wconf 82' lang='lat' dir='ltr'>i</span> 
     </span>
     <span class='ocr_line' id='line_1_31' title="bbox 233 2990 1511 3073; baseline 0 -22"><span class='ocrx_word' id='word_1_294' title='bbox 233 3002 343 3072; x_wconf 90' lang='lat' dir='ltr'>partem</span> <span class='ocrx_word' id='word_1_295' title='bbox 368 3001 396 3053; x_wconf 88' lang='lat' dir='ltr'>et</span> <span class='ocrx_word' id='word_1_296' title='bbox 414 2993 539 3054; x_wconf 88' lang='lat' dir='ltr'>sinceris</span> <span class='ocrx_word' id='word_1_297' title='bbox 557 2991 702 3073; x_wconf 86' lang='lat' dir='ltr'>hodieque</span> <span class='ocrx_word' id='word_1_298' title='bbox 720 2994 881 3055; x_wconf 85' lang='lat' dir='ltr'>habentur:</span> <span class='ocrx_word' id='word_1_299' title='bbox 908 2995 985 3054; x_wconf 91' lang='lat' dir='ltr'>unde</span> <span class='ocrx_word' id='word_1_300' title='bbox 1004 3004 1032 3053; x_wconf 90' lang='lat' dir='ltr'>et</span> <span class='ocrx_word' id='word_1_301' title='bbox 1049 2992 1193 3073; x_wconf 86' lang='lat' dir='ltr'>expressit</span> <span class='ocrx_word' id='word_1_302' title='bbox 1211 2990 1264 3052; x_wconf 84' lang='lat' dir='ltr'>itta</span> <span class='ocrx_word' id='word_1_303' title='bbox 1281 2991 1441 3068; x_wconf 75' lang='lat' dir='ltr'>Ruiunrtus</span> <span class='ocrx_word' id='word_1_304' title='bbox 1510 3021 1511 3024; x_wconf 37' lang='lat'>¹</span> 
     </span>
    </p>
   </div>
   <div class='ocr_carea' id='block_1_8' title="bbox 191 3079 1441 3509">
    <p class='ocr_par' dir='ltr' id='par_1_8' title="bbox 191 3079 1441 3509">
     <span class='ocr_line' id='line_1_32' title="bbox 233 3079 1439 3159; baseline -0.001 -20"><span class='ocrx_word' id='word_1_305' title='bbox 233 3086 276 3156; x_wconf 84' lang='lat' dir='ltr'>(in</span> <span class='ocrx_word' id='word_1_306' title='bbox 295 3084 371 3140; x_wconf 81' lang='lat' dir='ltr'>Artis</span> <span class='ocrx_word' id='word_1_307' title='bbox 388 3092 540 3157; x_wconf 75' lang='lat' dir='ltr'>martyrum</span> <span class='ocrx_word' id='word_1_308' title='bbox 555 3087 670 3142; x_wconf 71' lang='lat' dir='ltr'>marnis</span> <span class='ocrx_word' id='word_1_309' title='bbox 685 3085 830 3142; x_wconf 79' lang='lat' dir='ltr'>stertentis</span> <span class='ocrx_word' id='word_1_310' title='bbox 846 3101 874 3159; x_wconf 84' lang='lat' dir='ltr'>p.</span> <span class='ocrx_word' id='word_1_311' title='bbox 888 3082 951 3140; x_wconf 78' lang='lat'>382</span> <span class='ocrx_word' id='word_1_312' title='bbox 965 3083 1030 3158; x_wconf 79' lang='lat' dir='ltr'>aa).</span> <span class='ocrx_word' id='word_1_313' title='bbox 1051 3080 1143 3141; x_wconf 87' lang='lat' dir='ltr'>Porro</span> <span class='ocrx_word' id='word_1_314' title='bbox 1157 3081 1193 3140; x_wconf 88' lang='lat' dir='ltr'>de</span> <span class='ocrx_word' id='word_1_315' title='bbox 1207 3079 1342 3141; x_wconf 88' lang='lat' dir='ltr'>diaconis</span> <span class='ocrx_word' id='word_1_316' title='bbox 1360 3079 1439 3142; x_wconf 86' lang='lat' dir='ltr'>etiam</span> 
     </span>
     <span class='ocr_line' id='line_1_33' title="bbox 233 3158 1441 3249; baseline 0.002 -23"><span class='ocrx_word' id='word_1_317' title='bbox 233 3164 376 3227; x_wconf 79' lang='lat' dir='ltr'>nonnulla</span> <span class='ocrx_word' id='word_1_318' title='bbox 391 3168 514 3228; x_wconf 89' lang='lat' dir='ltr'>dicenda</span> <span class='ocrx_word' id='word_1_319' title='bbox 530 3167 615 3229; x_wconf 93' lang='lat' dir='ltr'>uobis</span> <span class='ocrx_word' id='word_1_320' title='bbox 632 3179 726 3246; x_wconf 84' lang='lat' dir='ltr'>erunt,</span> <span class='ocrx_word' id='word_1_321' title='bbox 744 3169 877 3249; x_wconf 82' lang='lat' dir='ltr'>quamvis</span> <span class='ocrx_word' id='word_1_322' title='bbox 893 3158 1087 3248; x_wconf 84' lang='lat' dir='ltr'>paucissima.</span> <span class='ocrx_word' id='word_1_323' title='bbox 1106 3167 1170 3229; x_wconf 85' lang='lat' dir='ltr'>Hos</span> <span class='ocrx_word' id='word_1_324' title='bbox 1187 3165 1270 3248; x_wconf 89' lang='lat' dir='ltr'>ipsos</span> <span class='ocrx_word' id='word_1_325' title='bbox 1284 3188 1354 3230; x_wconf 85' lang='lat' dir='ltr'>vero</span> <span class='ocrx_word' id='word_1_326' title='bbox 1368 3163 1441 3247; x_wconf 89' lang='lat' dir='ltr'>peri-</span> 
     </span>
     <span class='ocr_line' id='line_1_34' title="bbox 232 3252 1439 3336; baseline -0.002 -22"><span class='ocrx_word' id='word_1_327' title='bbox 232 3263 274 3314; x_wconf 91' lang='lat' dir='ltr'>tcr</span> <span class='ocrx_word' id='word_1_328' title='bbox 294 3257 330 3314; x_wconf 93' lang='lat' dir='ltr'>ad</span> <span class='ocrx_word' id='word_1_329' title='bbox 348 3253 530 3313; x_wconf 85' lang='lat' dir='ltr'>traditionem</span> <span class='ocrx_word' id='word_1_330' title='bbox 547 3275 565 3314; x_wconf 92' lang='lat' dir='ltr'>a</span> <span class='ocrx_word' id='word_1_331' title='bbox 585 3255 823 3333; x_wconf 86' lang='lat' dir='ltr'>persecutoribus</span> <span class='ocrx_word' id='word_1_332' title='bbox 840 3254 933 3315; x_wconf 84' lang='lat' dir='ltr'>tuisse</span> <span class='ocrx_word' id='word_1_333' title='bbox 949 3255 1102 3334; x_wconf 86' lang='lat' dir='ltr'>impulsos,</span> <span class='ocrx_word' id='word_1_334' title='bbox 1119 3256 1195 3316; x_wconf 87' lang='lat' dir='ltr'>idern</span> <span class='ocrx_word' id='word_1_335' title='bbox 1212 3275 1331 3336; x_wconf 80' lang='lat' dir='ltr'>quoque</span> <span class='ocrx_word' id='word_1_336' title='bbox 1347 3252 1439 3335; x_wconf 91' lang='lat' dir='ltr'>Optati</span> 
     </span>
     <span class='ocr_line' id='line_1_35' title="bbox 231 3339 1441 3422; baseline 0.003 -23"><span class='ocrx_word' id='word_1_337' title='bbox 231 3339 357 3400; x_wconf 85' lang='lat' dir='ltr'>Miierit.</span> <span class='ocrx_word' id='word_1_338' title='bbox 375 3340 458 3400; x_wconf 87' lang='lat' dir='ltr'>docus</span> <span class='ocrx_word' id='word_1_339' title='bbox 471 3339 605 3416; x_wconf 87' lang='lat' dir='ltr'>ostendit,</span> <span class='ocrx_word' id='word_1_340' title='bbox 621 3341 742 3420; x_wconf 86' lang='lat' dir='ltr'>saepius</span> <span class='ocrx_word' id='word_1_341' title='bbox 755 3342 845 3421; x_wconf 85' lang='lat' dir='ltr'>jeraa</span> <span class='ocrx_word' id='word_1_342' title='bbox 861 3341 946 3402; x_wconf 88' lang='lat' dir='ltr'>nobis</span> <span class='ocrx_word' id='word_1_343' title='bbox 961 3341 1127 3422; x_wconf 79' lang='lat' dir='ltr'>adlegatos.</span> <span class='ocrx_word' id='word_1_344' title='bbox 1148 3343 1191 3402; x_wconf 85' lang='lat' dir='ltr'>lta</span> <span class='ocrx_word' id='word_1_345' title='bbox 1202 3363 1272 3405; x_wconf 80' lang='lat' dir='ltr'>rere</span> <span class='ocrx_word' id='word_1_346' title='bbox 1288 3342 1353 3403; x_wconf 83' lang='lat' dir='ltr'>iibe:</span> <span class='ocrx_word' id='word_1_347' title='bbox 1373 3341 1441 3416; x_wconf 69' lang='lat' dir='ltr'>orti</span> 
     </span>
     <span class='ocr_line' id='line_1_36' title="bbox 191 3429 1440 3509; baseline 0.001 -22"><span class='ocrx_word' id='word_1_348' title='bbox 191 3467 194 3472; x_wconf 87' lang='lat'><em>-</em></span> <span class='ocrx_word' id='word_1_349' title='bbox 232 3447 435 3488; x_wconf 76' lang='lat' dir='ltr'>connumerem</span> <span class='ocrx_word' id='word_1_350' title='bbox 454 3429 585 3487; x_wconf 83' lang='lat' dir='ltr'>diaconos</span> <span class='ocrx_word' id='word_1_351' title='bbox 603 3433 632 3487; x_wconf 84' lang='lat' dir='ltr'>ia</span> <span class='ocrx_word' id='word_1_352' title='bbox 650 3434 729 3489; x_wconf 87' lang='lat' dir='ltr'>tertie</span> <span class='ocrx_word' id='word_1_353' title='bbox 749 3430 902 3490; x_wconf 80' lang='lat' dir='ltr'>sacerdotio</span> <span class='ocrx_word' id='word_1_354' title='bbox 925 3430 1107 3492; x_wconf 74' lang='lat' dir='ltr'>constitutor?</span> <span class='ocrx_word' id='word_1_355' title='bbox 1135 3429 1266 3491; x_wconf 86' lang='lat' dir='ltr'>Necesse</span> <span class='ocrx_word' id='word_1_356' title='bbox 1284 3429 1379 3509; x_wconf 74' lang='lat' dir='ltr'>igitur</span> <span class='ocrx_word' id='word_1_357' title='bbox 1394 3436 1440 3502; x_wconf 86' lang='lat' dir='ltr'>esi,</span> 
     </span>
    </p>
   </div>
   <div class='ocr_carea' id='block_1_9' title="bbox 111 3513 1511 3598">
    <p class='ocr_par' dir='ltr' id='par_1_9' title="bbox 111 3513 1511 3598">
     <span class='ocr_line' id='line_1_37' title="bbox 111 3513 1511 3598; baseline 0.002 -24"><span class='ocrx_word' id='word_1_358' title='bbox 111 3563 114 3567; x_wconf 86' lang='lat'>.</span> <span class='ocrx_word' id='word_1_359' title='bbox 232 3513 390 3575; x_wconf 80' lang='lat' dir='ltr'>nonnullos</span> <span class='ocrx_word' id='word_1_360' title='bbox 409 3535 525 3596; x_wconf 86' lang='lat' dir='ltr'>quoquc</span> <span class='ocrx_word' id='word_1_361' title='bbox 540 3514 629 3595; x_wconf 87' lang='lat' dir='ltr'>hujus</span> <span class='ocrx_word' id='word_1_362' title='bbox 647 3514 756 3576; x_wconf 86' lang='lat' dir='ltr'>ordinis</span> <span class='ocrx_word' id='word_1_363' title='bbox 772 3516 852 3578; x_wconf 82' lang='lat' dir='ltr'>viros</span> <span class='ocrx_word' id='word_1_364' title='bbox 874 3516 1029 3579; x_wconf 86' lang='lat' dir='ltr'>tradidisse</span> <span class='ocrx_word' id='word_1_365' title='bbox 1045 3517 1170 3598; x_wconf 81' lang='lat' dir='ltr'>paganis</span> <span class='ocrx_word' id='word_1_366' title='bbox 1189 3516 1339 3579; x_wconf 81' lang='lat' dir='ltr'>volumina</span> <span class='ocrx_word' id='word_1_367' title='bbox 1360 3534 1441 3577; x_wconf 82' lang='lat' dir='ltr'>sacra</span> <span class='ocrx_word' id='word_1_368' title='bbox 1510 3581 1511 3584; x_wconf 8' lang='grc' dir='ltr'><strong>Ἴ</strong></span> 
     </span>
    </p>
   </div>
   <div class='ocr_carea' id='block_1_10' title="bbox 230 3603 1511 3684">
    <p class='ocr_par' dir='ltr' id='par_1_10' title="bbox 230 3603 1511 3684">
     <span class='ocr_line' id='line_1_38' title="bbox 230 3603 1511 3684; baseline -0.005 -20"><span class='ocrx_word' id='word_1_369' title='bbox 230 3603 356 3664; x_wconf 83' lang='lat' dir='ltr'>flanrmis</span> <span class='ocrx_word' id='word_1_370' title='bbox 374 3606 533 3677; x_wconf 82' lang='lat' dir='ltr'>exurenda,</span> <span class='ocrx_word' id='word_1_371' title='bbox 557 3603 790 3684; x_wconf 86' lang='lat' dir='ltr'>quandoquidem</span> <span class='ocrx_word' id='word_1_372' title='bbox 816 3605 863 3665; x_wconf 90' lang='lat' dir='ltr'>hic</span> <span class='ocrx_word' id='word_1_373' title='bbox 878 3625 1052 3684; x_wconf 86' lang='lat' dir='ltr'>expressum</span> <span class='ocrx_word' id='word_1_374' title='bbox 1069 3606 1104 3667; x_wconf 90' lang='lat' dir='ltr'>de</span> <span class='ocrx_word' id='word_1_375' title='bbox 1121 3605 1160 3667; x_wconf 93' lang='lat' dir='ltr'>iis</span> <span class='ocrx_word' id='word_1_376' title='bbox 1176 3625 1341 3667; x_wconf 82' lang='lat' dir='ltr'>sermonem</span> <span class='ocrx_word' id='word_1_377' title='bbox 1358 3603 1441 3665; x_wconf 86' lang='lat' dir='ltr'>babet</span> <span class='ocrx_word' id='word_1_378' title='bbox 1510 3655 1511 3658; x_wconf 74' lang='grc'>,</span> 
     </span>
    </p>
   </div>
   <div class='ocr_carea' id='block_1_11' title="bbox 231 3687 1439 3860">
    <p class='ocr_par' dir='ltr' id='par_1_11' title="bbox 231 3687 1439 3860">
     <span class='ocr_line' id='line_1_39' title="bbox 231 3687 1438 3773; baseline -0.002 -22"><span class='ocrx_word' id='word_1_379' title='bbox 231 3703 340 3765; x_wconf 86' lang='lat' dir='ltr'>noster,</span> <span class='ocrx_word' id='word_1_380' title='bbox 361 3691 409 3769; x_wconf 84' lang='lat' dir='ltr'>qui</span> <span class='ocrx_word' id='word_1_381' title='bbox 429 3692 549 3751; x_wconf 87' lang='lat' dir='ltr'>crimine</span> <span class='ocrx_word' id='word_1_382' title='bbox 566 3689 618 3750; x_wconf 86' lang='lat' dir='ltr'>iiio</span> <span class='ocrx_word' id='word_1_383' title='bbox 636 3710 703 3753; x_wconf 90' lang='lat' dir='ltr'>sese</span> <span class='ocrx_word' id='word_1_384' title='bbox 720 3690 979 3755; x_wconf 87' lang='lat' dir='ltr'>commacularunt.</span> <span class='ocrx_word' id='word_1_385' title='bbox 1014 3693 1098 3753; x_wconf 90' lang='lat' dir='ltr'>Patet</span> <span class='ocrx_word' id='word_1_386' title='bbox 1114 3693 1168 3753; x_wconf 91' lang='lat' dir='ltr'>boc</span> <span class='ocrx_word' id='word_1_387' title='bbox 1184 3714 1302 3773; x_wconf 82' lang='lat' dir='ltr'>quoque</span> <span class='ocrx_word' id='word_1_388' title='bbox 1317 3713 1355 3754; x_wconf 87' lang='lat' dir='ltr'>cx</span> <span class='ocrx_word' id='word_1_389' title='bbox 1371 3687 1438 3753; x_wconf 86' lang='lat' dir='ltr'>netis</span> 
     </span>
     <span class='ocr_line' id='line_1_40' title="bbox 232 3775 1439 3860; baseline -0.002 -22"><span class='ocrx_word' id='word_1_390' title='bbox 232 3779 266 3839; x_wconf 83' lang='lat' dir='ltr'>S.</span> <span class='ocrx_word' id='word_1_391' title='bbox 282 3777 381 3857; x_wconf 81' lang='lat' dir='ltr'>Euphii</span> <span class='ocrx_word' id='word_1_392' title='bbox 399 3777 484 3853; x_wconf 68' lang='lat' dir='ltr'>diac„</span> <span class='ocrx_word' id='word_1_393' title='bbox 502 3779 550 3860; x_wconf 90' lang='lat' dir='ltr'>qui</span> <span class='ocrx_word' id='word_1_394' title='bbox 565 3781 602 3838; x_wconf 90' lang='lat' dir='ltr'>ob</span> <span class='ocrx_word' id='word_1_395' title='bbox 619 3791 783 3841; x_wconf 84' lang='lat' dir='ltr'>recusatam</span> <span class='ocrx_word' id='word_1_396' title='bbox 800 3780 835 3842; x_wconf 86' lang='lat' dir='ltr'>S.</span> <span class='ocrx_word' id='word_1_397' title='bbox 848 3780 1019 3860; x_wconf 80' lang='lat' dir='ltr'>Scripturas</span> <span class='ocrx_word' id='word_1_398' title='bbox 1037 3779 1220 3841; x_wconf 86' lang='lat' dir='ltr'>traditionem</span> <span class='ocrx_word' id='word_1_399' title='bbox 1238 3799 1266 3841; x_wconf 92' lang='lat' dir='ltr'>a.</span> <span class='ocrx_word' id='word_1_400' title='bbox 1280 3779 1349 3844; x_wconf 76' lang='lat' dir='ltr'>chr.</span> <span class='ocrx_word' id='word_1_401' title='bbox 1371 3775 1439 3858; x_wconf 69' lang='grc'><strong>361.</strong></span> 
     </span>
    </p>
   </div>
   <div class='ocr_carea' id='block_1_12' title="bbox 231 3864 1510 3950">
    <p class='ocr_par' dir='ltr' id='par_1_12' title="bbox 231 3864 1510 3950">
     <span class='ocr_line' id='line_1_41' title="bbox 231 3864 1510 3950; baseline 0 -25"><span class='ocrx_word' id='word_1_402' title='bbox 231 3864 262 3925; x_wconf 90' lang='lat' dir='ltr'>ia</span> <span class='ocrx_word' id='word_1_403' title='bbox 282 3864 491 3925; x_wconf 85' lang='lat' dir='ltr'>Catanensium</span> <span class='ocrx_word' id='word_1_404' title='bbox 517 3867 633 3928; x_wconf 77' lang='lat' dir='ltr'>ciuitate</span> <span class='ocrx_word' id='word_1_405' title='bbox 653 3867 754 3929; x_wconf 80' lang='lat' dir='ltr'>Sicula</span> <span class='ocrx_word' id='word_1_406' title='bbox 781 3886 888 3947; x_wconf 88' lang='lat' dir='ltr'>passus</span> <span class='ocrx_word' id='word_1_407' title='bbox 917 3879 961 3928; x_wconf 90' lang='lat' dir='ltr'>est</span> <span class='ocrx_word' id='word_1_408' title='bbox 988 3867 1067 3945; x_wconf 89' lang='lat' dir='ltr'>(rid.</span> <span class='ocrx_word' id='word_1_409' title='bbox 1086 3867 1205 3928; x_wconf 86' lang='lat' dir='ltr'>Barcuii</span> <span class='ocrx_word' id='word_1_410' title='bbox 1224 3870 1331 3928; x_wconf 80' lang='lat' dir='ltr'>Annei.</span> <span class='ocrx_word' id='word_1_411' title='bbox 1350 3869 1438 3928; x_wconf 82' lang='lat' dir='ltr'>sedes.</span> <span class='ocrx_word' id='word_1_412' title='bbox 1509 3909 1510 3950; x_wconf 15' lang='grc' dir='ltr'>ζ</span> 
     </span>
    </p>
   </div>
   <div class='ocr_carea' id='block_1_13' title="bbox 230 3952 1438 4212">
    <p class='ocr_par' dir='ltr' id='par_1_13' title="bbox 230 3952 1438 4212">
     <span class='ocr_line' id='line_1_42' title="bbox 233 3952 1438 4036; baseline -0.002 -22"><span class='ocrx_word' id='word_1_413' title='bbox 233 3957 311 4014; x_wconf 71' lang='lat' dir='ltr'>Tora.</span> <span class='ocrx_word' id='word_1_414' title='bbox 328 3958 370 4013; x_wconf 86' lang='lat' dir='ltr'>ss.</span> <span class='ocrx_word' id='word_1_415' title='bbox 387 3974 454 4014; x_wconf 85' lang='lat' dir='ltr'>narr.</span> <span class='ocrx_word' id='word_1_416' title='bbox 469 3955 542 4014; x_wconf 82' lang='lat'><strong>303.</strong></span> <span class='ocrx_word' id='word_1_417' title='bbox 567 3952 595 4036; x_wconf 81' lang='lat'>§.</span> <span class='ocrx_word' id='word_1_418' title='bbox 615 3956 685 4016; x_wconf 83' lang='grc'><strong>146.</strong></span> <span class='ocrx_word' id='word_1_419' title='bbox 713 3966 740 4015; x_wconf 88' lang='lat' dir='ltr'>et</span> <span class='ocrx_word' id='word_1_420' title='bbox 754 3954 891 4016; x_wconf 88' lang='lat' dir='ltr'>Ruinarti</span> <span class='ocrx_word' id='word_1_421' title='bbox 908 3958 981 4016; x_wconf 80' lang='lat' dir='ltr'>Acta</span> <span class='ocrx_word' id='word_1_422' title='bbox 1003 3966 1155 4031; x_wconf 72' lang='lat' dir='ltr'>martyrem</span> <span class='ocrx_word' id='word_1_423' title='bbox 1174 3963 1284 4017; x_wconf 74' lang='lat' dir='ltr'>ninom</span> <span class='ocrx_word' id='word_1_424' title='bbox 1301 3964 1327 4015; x_wconf 88' lang='lat' dir='ltr'>et</span> <span class='ocrx_word' id='word_1_425' title='bbox 1343 3956 1438 4014; x_wconf 81' lang='lat' dir='ltr'>selectu</span> 
     </span>
     <span class='ocr_line' id='line_1_43' title="bbox 230 4036 1437 4126; baseline 0.001 -25"><span class='ocrx_word' id='word_1_426' title='bbox 230 4063 259 4122; x_wconf 80' lang='lat' dir='ltr'>p.</span> <span class='ocrx_word' id='word_1_427' title='bbox 272 4042 337 4101; x_wconf 72' lang='grc'>106</span> <span class='ocrx_word' id='word_1_428' title='bbox 353 4042 418 4115; x_wconf 73' lang='lat' dir='ltr'>se).</span> <span class='ocrx_word' id='word_1_429' title='bbox 450 4042 590 4102; x_wconf 83' lang='lat' dir='ltr'>Addenda</span> <span class='ocrx_word' id='word_1_430' title='bbox 607 4042 654 4102; x_wconf 89' lang='lat' dir='ltr'>hic</span> <span class='ocrx_word' id='word_1_431' title='bbox 670 4042 785 4117; x_wconf 90' lang='lat' dir='ltr'>merito,</span> <span class='ocrx_word' id='word_1_432' title='bbox 812 4062 887 4122; x_wconf 88' lang='lat' dir='ltr'>quae</span> <span class='ocrx_word' id='word_1_433' title='bbox 903 4041 1079 4103; x_wconf 87' lang='lat' dir='ltr'>Prudentius</span> <span class='ocrx_word' id='word_1_434' title='bbox 1094 4045 1131 4104; x_wconf 90' lang='lat' dir='ltr'>de</span> <span class='ocrx_word' id='word_1_435' title='bbox 1150 4042 1286 4126; x_wconf 79' lang='lat' dir='ltr'>martyris</span> <span class='ocrx_word' id='word_1_436' title='bbox 1299 4036 1437 4105; x_wconf 75' lang='lat' dir='ltr'>visendi</span> 
     </span>
     <span class='ocr_line' id='line_1_44' title="bbox 231 4120 1437 4212; baseline -0.001 -23"><span class='ocrx_word' id='word_1_437' title='bbox 231 4127 428 4190; x_wconf 84' lang='lat' dir='ltr'>archidiaconi</span> <span class='ocrx_word' id='word_1_438' title='bbox 439 4128 710 4209; x_wconf 73' lang='lat' dir='ltr'>caesaraugustani</span> <span class='ocrx_word' id='word_1_439' title='bbox 726 4130 832 4210; x_wconf 82' lang='lat' dir='ltr'>hymno</span> <span class='ocrx_word' id='word_1_440' title='bbox 842 4130 876 4194; x_wconf 83' lang='lat' dir='ltr'>V.</span> <span class='ocrx_word' id='word_1_441' title='bbox 892 4128 960 4191; x_wconf 87' lang='lat' dir='ltr'>libri</span> <span class='ocrx_word' id='word_1_442' title='bbox 976 4129 1046 4212; x_wconf 79' lang='grc' dir='ltr'>περὶ</span> <span class='ocrx_word' id='word_1_443' title='bbox 1062 4120 1224 4208; x_wconf 75' lang='grc' dir='ltr'><em>στεφάνων</em></span> <span class='ocrx_word' id='word_1_444' title='bbox 1241 4151 1270 4192; x_wconf 84' lang='lat' dir='ltr'>rr.</span> <span class='ocrx_word' id='word_1_445' title='bbox 1288 4131 1330 4190; x_wconf 75' lang='lat'>54</span> <span class='ocrx_word' id='word_1_446' title='bbox 1342 4149 1385 4192; x_wconf 82' lang='lat' dir='ltr'>ss.</span> <span class='ocrx_word' id='word_1_447' title='bbox 1405 4145 1437 4188; x_wconf 82' lang='lat' dir='ltr'>cx</span> 
     </span>
    </p>
   </div>
   <div class='ocr_carea' id='block_1_14' title="bbox 233 4216 712 4279">
    <p class='ocr_par' dir='ltr' id='par_1_14' title="bbox 233 4216 712 4279">
     <span class='ocr_line' id='line_1_45' title="bbox 233 4216 712 4279; baseline -0.004 0"><span class='ocrx_word' id='word_1_448' title='bbox 233 4236 283 4279; x_wconf 88' lang='lat' dir='ltr'>cre</span> <span class='ocrx_word' id='word_1_449' title='bbox 300 4216 423 4278; x_wconf 82' lang='lat' dir='ltr'>Deciani</span> <span class='ocrx_word' id='word_1_450' title='bbox 440 4217 588 4278; x_wconf 90' lang='lat' dir='ltr'>Praetoris</span> <span class='ocrx_word' id='word_1_451' title='bbox 606 4217 712 4278; x_wconf 86' lang='lat' dir='ltr'>refert:</span> 
     </span>
    </p>
   </div>
   <div class='ocr_carea' id='block_1_15' title="bbox 535 4304 1013 4578">
    <p class='ocr_par' dir='ltr' id='par_1_15' title="bbox 535 4304 1013 4578">
     <span class='ocr_line' id='line_1_46' title="bbox 634 4304 1010 4370; baseline 0.003 -16"><span class='ocrx_word' id='word_1_452' title='bbox 634 4305 665 4354; x_wconf 83' lang='lat' dir='ltr'>Si</span> <span class='ocrx_word' id='word_1_453' title='bbox 683 4309 762 4354; x_wconf 82' lang='lat' dir='ltr'>tosto</span> <span class='ocrx_word' id='word_1_454' title='bbox 781 4304 879 4355; x_wconf 79' lang='lat' dir='ltr'>coitum</span> <span class='ocrx_word' id='word_1_455' title='bbox 895 4305 1010 4370; x_wconf 77' lang='lat' dir='ltr'>pectoris</span> 
     </span>
     <span class='ocr_line' id='line_1_47' title="bbox 598 4372 923 4437; baseline 0.003 -14"><span class='ocrx_word' id='word_1_456' title='bbox 598 4373 753 4424; x_wconf 83' lang='lat' dir='ltr'>Pracdrsrrrt</span> <span class='ocrx_word' id='word_1_457' title='bbox 771 4372 923 4437; x_wconf 73' lang='lat' dir='ltr'>obstinatio,</span> 
     </span>
     <span class='ocr_line' id='line_1_48' title="bbox 535 4441 1013 4495; baseline 0.006 -5"><span class='ocrx_word' id='word_1_458' title='bbox 535 4471 538 4476; x_wconf 89' lang='lat'><em>-</em></span> <span class='ocrx_word' id='word_1_459' title='bbox 598 4441 728 4493; x_wconf 74' lang='lat' dir='ltr'>Proicietur</span> <span class='ocrx_word' id='word_1_460' title='bbox 748 4448 777 4493; x_wconf 89' lang='lat' dir='ltr'>rrt</span> <span class='ocrx_word' id='word_1_461' title='bbox 794 4448 913 4494; x_wconf 81' lang='lat' dir='ltr'>anstrum</span> <span class='ocrx_word' id='word_1_462' title='bbox 932 4456 1013 4495; x_wconf 83' lang='lat' dir='ltr'>muare</span> 
     </span>
     <span class='ocr_line' id='line_1_49' title="bbox 595 4508 899 4578; baseline 0 -16"><span class='ocrx_word' id='word_1_463' title='bbox 595 4508 760 4563; x_wconf 76' lang='lat' dir='ltr'>Abomiaerr&#39;s</span> <span class='ocrx_word' id='word_1_464' title='bbox 777 4516 899 4578; x_wconf 65' lang='lat' dir='ltr'>tonum:</span> 
     </span>
    </p>
   </div>
   <div class='ocr_carea' id='block_1_16' title="bbox 0 0 1538 5075">
    <p class='ocr_par' dir='ltr' id='par_1_16' title="bbox 0 0 1538 5075">
     <span class='ocr_line' id='line_1_50' title="bbox 0 0 1538 5075; baseline 0 0"><span class='ocrx_word' id='word_1_465' title='bbox 0 0 1538 5075; x_wconf 95' lang='lat' dir='ltr'> </span> 
     </span>
    </p>
   </div>
  </div>
 </body>
</html>
