3067 5075
261 372 263 376 ι
311 284 347 346 de
361 280 420 345 ritu
436 280 599 364 sepeliendi
616 292 747 348 nonnos
762 303 811 367 ap.
828 288 897 349 vett.
913 279 1113 348 Christianos.
1249 279 1315 346 838

12 502 13 505 ¹
61 458 63 461 ’
92 457 273 536 συαιιρ.,25.)
283 466 393 519 auctor
409 469 462 537 est,
480 479 588 536 rnorem
604 476 660 522 suo
677 470 806 542 tempore
816 459 923 536 luisse,
939 468 972 521 nt
985 458 1119 520 homines
1131 457 1169 519 ad
1186 454 1316 518 morien-

93 556 158 622 tes,
188 566 265 631 quos
287 555 390 607 sancte
412 547 523 609 vixisse
550 547 768 623 existimarunt,
798 548 828 609 in
856 567 953 624 agone
978 548 1107 627 positos,
1133 543 1317 606 cucurrerint

94 635 201 714 emqne
215 633 330 696 animas
344 654 417 696 suas
430 635 704 699 commendaverint.
731 635 932 717 „Stephanum
951 633 1072 715 (iuquit)
1090 640 1200 714 patrem
1212 651 1316 693 mona-

94 722 179 783 sterii
197 722 341 784 Reatinae
360 724 443 783 urhis
459 723 553 784 virum
571 731 714 800 sanctum,
739 744 803 785 curu
822 724 885 785 dies
903 724 1002 785 mortis
1020 721 1121 801 egredi
1140 724 1175 782 de
1193 740 1316 800 corpore

94 824 228 889 urgeret,
247 822 447 871 convenerunt
463 811 554 884 malti,
581 821 614 873 ut
631 823 687 872 taur
706 822 827 873 sauctae
844 811 959 873 animae
978 812 1013 871 de
1033 811 1088 871 hoo
1106 811 1212 870 mnodo
1230 826 1314 869 rece·

95 898 174 959 denti
197 915 269 959 suas
288 898 401 960 animas
420 899 688 967 eorumeudareot.“
734 899 814 962 ldern
832 899 921 960 refert
940 902 1027 974 (hom.
1042 899 1108 972 37.)
1127 895 1231 958 solitos
1249 916 1316 958 csse

94 1007 182 1047 orare
203 987 323 1065 prolis,
351 985 401 1067 qui
417 986 544 1047 aniruam
560 988 621 1067 jann
639 998 771 1067 agerent.
816 1032 834 1063 ,,
844 987 1008 1048 Monachus
1028 985 1145 1065 quidam
1163 985 1232 1061 (ait)
1249 1004 1315 1045 curn

95 1082 259 1137 extremum
279 1075 354 1136 dictu
374 1086 494 1153 ageret,
519 1086 717 1136 corrreoerunt
736 1076 859 1151 fratres,
884 1087 915 1135 ut
932 1093 1088 1153 egressum
1105 1071 1186 1133 illios
1204 1072 1315 1133 orando

95 1171 295 1243 protegerent.
330 1162 388 1239 Qui
407 1165 485 1223 tanto
503 1183 555 1242 pro
573 1182 608 1223 eo
625 1174 785 1243 coeperunt
802 1163 918 1225 enixius
935 1182 1030 1238 errare,
1050 1170 1157 1241 quanto
1175 1180 1241 1221 earn
1254 1159 1316 1239 jatu

93 1251 238 1312 ridebant
253 1253 308 1311 suh
325 1249 474 1312 celeritate
492 1251 675 1312 discedere.“
703 1249 845 1331 Episcopi
863 1251 948 1310 etiam
962 1258 990 1310 et
1005 1247 1167 1330 presbyteri
1181 1244 1317 1309 solebant

94 1348 287 1411 aegrotantes
312 1336 449 1409 visitare,
481 1349 512 1398 ut
536 1336 648 1418 passim
675 1358 712 1399 ex
737 1337 865 1418 tantiquis
892 1336 1022 1398 historiis
1047 1344 1170 1396 constat.
1210 1334 1317 1396 Tradit

94 1425 327 1506 Metaphrastcs,
344 1426 486 1487 loannem
503 1425 775 1507 eleemosynarium.
784 1424 952 1505 episcopum
964 1423 1195 1485 Alexandrinum
1208 1441 1317 1502 magna

95 1535 170 1576 cura
196 1515 233 1574 ad
257 1526 395 1591 aegrotos
419 1512 586 1579 accessisse
605 1533 641 1575 ae
659 1535 748 1593 saepe
767 1513 871 1575 oculos
889 1511 1073 1573 morientium
1096 1509 1160 1571 suis
1180 1510 1315 1571 tuanihus

95 1599 257 1664 clausisse.
293 1599 372 1677 Quid
402 1622 471 1662 rcro
495 1602 649 1681 praeterea
672 1604 749 1682 apud
770 1609 910 1680 aegrotos
930 1601 1099 1662 sacerdotes
1123 1592 1316 1681 egerintsex

95 1690 204 1751 iisdem
237 1688 434 1749 monumentis
465 1688 651 1767 intelligitur.
701 1689 747 1751 De
780 1692 915 1751 Adunato
948 1687 999 1767 (in
1030 1691 1115 1766 pectit
1147 1692 1316 1747 Meuaniam

95 1785 300 1858 episcoporum)
320 1775 467 1853 scribitur,
488 1779 564 1857 quod
583 1779 733 1847 adstantes
752 1777 831 1838 eirea
851 1777 958 1838 lectum
976 1775 1041 1856 ejus
1059 1773 1215 1853 evangelia
1227 1773 1316 1853 lege·

95 1866 158 1928 rint
181 1873 209 1925 et
232 1862 365 1945 psalmos
389 1864 569 1946 hymnosque
594 1856 764 1926 cedlnerint.
798 1865 885 1942 Apud
903 1866 1101 1925 durlotnartrru
1124 1881 1193 1922 vero
1213 1879 1318 1942 preces

96 1953 231 2015 lecerunt
247 1954 283 2014 ad
297 1952 406 2028 Deum,
422 1952 529 2032 quibus
545 1950 672 2013 animam
688 1951 870 2030 aegrotantis
887 1953 951 2011 lleo
968 1951 1209 2011 commendarunt
1226 1947 1316 2026 (Viu-

97 2039 213 2103 centius
236 2038 290 2111 23,
309 2040 406 2116 tos),
449 2040 504 2100 stc
535 2060 653 2120 quoque
679 2038 884 2100 confessiones
913 2038 1058 2098 interdum
1082 2035 1254 2116 flagitarunt
1278 2038 1316 2102 ah

95 2127 229 2206 aegrotis
245 2125 365 2208 illisque
384 2125 579 2196 eucharistiae
595 2136 811 2188 sacramentum
829 2125 1034 2198 exhibuerunt,
1051 2133 1083 2185 ut
1098 2123 1174 2185 ideur
1187 2122 1317 2185 Vrnceu·

96 2217 157 2279 tius
175 2213 231 2290 23,
248 2217 300 2278 95.
317 2215 404 2275 tradit
428 2216 464 2275 de
480 2214 651 2276 Philiherto.
686 2215 723 2276 Et
739 2215 767 2274 in
793 2220 877 2294 pertis
894 2219 1062 2275 Menestam
1079 2221 1174 2273 exstat
1189 2209 1318 2272 formula
1358 2276 1363 2281 ,

95 2301 312 2379 confussionis,
341 2321 427 2382 quam
446 2301 568 2364 danatus
590 2312 657 2363 ante
681 2322 807 2382 agonem
831 2300 972 2364 recitasse
991 2300 1111 2376 dicitur,
1134 2298 1182 2361 his
1201 2299 1316 2360 verbist

94 2393 248 2471 „deuotus
274 2399 430 2469 antequam
455 2390 579 2452 auduram
605 2390 775 2468 exhalaret,
804 2389 893 2472 jussit
916 2389 973 2452 sihi
999 2386 1134 2479 praelegi
1163 2386 1316 2468 epistolam

93 2499 191 2562 papae
208 2476 320 2539 Leonis
337 2479 374 2538 ad
390 2476 574 2554 Flavianum,
591 2477 621 2539 in
638 2499 696 2560 qua
713 2478 785 2541 fides
801 2477 945 2542 catholiea
963 2478 1137 2541 continetur.
1165 2476 1211 2539 Ea
1227 2495 1317 2556 prae·

93 2569 172 2632 lecta
195 2566 285 2629 dixit:
315 2565 367 2628 Sic
386 2568 484 2629 eredo.
516 2566 649 2629 Trinitas
666 2566 915 2631 ineffabilistsie
935 2565 1085 2629 confiteor·
1118 2565 1200 2627 Dens
1220 2563 1317 2628 omni·

96 2667 220 2739 potens:
244 2654 285 2716 ita
303 2656 339 2715 de
363 2662 392 2716 te
409 2654 513 2716 sentio.
545 2653 604 2715 Fili
623 2654 678 2716 Dei
702 2655 774 2717 lesu
792 2654 924 2731 Christe,
952 2654 1000 2736 qui
1024 2674 1077 2735 pro
1101 2661 1202 2715 nostra
1220 2654 1316 2716 salute

96 2745 241 2825 diguatus
258 2762 291 2804 cs
309 2742 409 2804 venire
425 2741 456 2803 iu
473 2743 551 2804 huuc
568 2744 725 2806 mundum:
752 2743 796 2804 sic
813 2744 849 2803 de
867 2752 894 2804 te
912 2739 1057 2821 intelligo.
1090 2741 1174 2801 Dens
1198 2751 1317 2802 aeterne

95 2831 228 2913 Spiritus
252 2839 371 2906 sancte,
393 2850 483 2891 uuum
498 2831 592 2892 Deum
611 2830 641 2890 iu
660 2829 788 2891 trinitate
805 2829 970 2910 trinumque
989 2828 1020 2888 in
1038 2825 1149 2889 unitate
1166 2826 1317 2890 coutitoor.

95 2921 139 2983 lta
158 2922 280 2982 eductus
304 2919 340 2978 de
364 2924 414 2979 tua
432 2918 526 2979 sentio
543 2918 745 2979 incarnatione
763 2916 898 2997 piissime
916 2915 1049 2992 Christe,
1069 2917 1146 2995 quod
1164 2917 1319 2994 adsumpta

97 3027 190 3071 carne
216 3007 275 3068 siut
301 3007 378 3068 duae
401 3016 523 3067 naturae
546 3005 647 3066 unitae
671 3006 702 3064 iu
727 3025 814 3066 unam
838 3007 1027 3085 personato.“
1057 3003 1228 3065 Ludoricus
1247 3002 1318 3067 Pius

95 3096 166 3176 imp.
185 3093 323 3170 moriens,
344 3091 509 3173 Diogenem
530 3094 700 3173 episcopum
717 3092 881 3153 Metensem
900 3089 1056 3154 accersivit
1073 3081 1101 3151 ct
1117 3091 1155 3151 ab
1172 3111 1207 3151 eo
1224 3091 1318 3152 heae·

98 3183 255 3245 dictionem
281 3177 722 3262 petiit·(dnnooius5‚19.).
767 3179 931 3241 Morientes
963 3187 1166 3240 testamentum
1193 3181 1318 3256 condere

97 3271 238 3334 solebant
253 3281 281 3330 et
295 3267 407 3348 aliquid
424 3289 462 3330 ex
477 3269 542 3330 sois
558 3266 752 3329 facultatibus
770 3267 914 3330 ecclesiae
931 3265 1108 3348 relinquere,
1131 3268 1208 3347 qnod
1227 3276 1318 3329 testa·

97 3369 147 3422 tur
165 3359 199 3421 S.
220 3356 386 3435 Gregorius
402 3359 496 3437 (epist.
511 3352 543 3431 8,
560 3357 626 3430 aa:
648 3356 828 3433 „Quendam
848 3363 1014 3419 testatorem
1032 3357 1107 3416 duas
1125 3354 1229 3418 unicas
1246 3364 1319 3419 sutr-

97 3446 226 3511 stantiae
243 3464 316 3506 suae
333 3443 480 3506 ecclesiae
499 3444 536 3505 S,
549 3444 687 3528 Gregorii
708 3445 835 3525 legasse,
855 3444 905 3505 uhi
922 3443 1042 3525 sepeliri
1058 3442 1181 3505 volutet

187 3533 261 3613 Gap.
286 3531 326 3594 ll.
361 3533 413 3593 Dc
442 3552 610 3610 eorprore
638 3542 813 3595 mortum
834 3533 955 3597 Veteres
979 3530 1138 3593 Christiani
1163 3531 1319 3607 homiuem,

97 3633 130 3705 nt
149 3621 274 3702 primunt
291 3627 531 3696 murtuensem,
550 3619 698 3696 lavabant,
719 3619 784 3682 Aet.
800 3616 831 3697 9,
849 3622 917 3683 37.:
943 3619 1045 3697 „Gom
1064 3616 1223 3679 'l'abitham
1240 3618 1320 3680 ller-

97 3713 200 3773 cadem
226 3716 370 3769 mortuam
396 3706 563 3784 lavassent,
595 3706 660 3787 ejus
686 3727 794 3787 corpus
819 3706 850 3768 in
875 3708 1037 3769 coenaculo
1062 3711 1253 3787 posuerunt.“
1285 3708 1319 3770 ln

96 3804 217 3862 historio
242 3799 275 3857 de
302 3798 460 3876 pestilentia
488 3798 684 3858 Alexandriae
716 3794 892 3884 Dionysius
911 3795 1068 3877 episcopus
1099 3797 1135 3856 ad
1163 3794 1320 3858 Hieracem
1399 3799 1432 3836 ·'

96 3885 203 3950 scribit
221 3886 257 3945 de
274 3882 507 3946 Christianorum
527 3882 700 3946 funeribus:
725 3882 929 3960 „Sanctorum
948 3904 1071 3965 corpora
1089 3882 1203 3964 supinis
1224 3885 1320 3947 mani·

95 3977 155 4037 hus
173 3992 210 4034 ao
227 3971 297 4033 siuu
315 3983 503 4052 exceperunt,
530 3971 633 4034 oculos
654 3974 872 4051 depresserunt,
898 3992 949 4033 ora
966 3971 1138 4034 clauserunt
1155 3973 1319 4052 unanimes,

96 4072 126 4125 et
155 4060 267 4142 pariter
290 4058 397 4121 adlecti
426 4059 547 4122 strictim
567 4058 713 4140 complexi
743 4067 829 4137 sont,
862 4057 998 4122 lavarunt
1025 4071 1053 4123 et
1078 4065 1114 4123 ad
1140 4060 1319 4141 sepulturam

96 4150 273 4225 ornaruot‚“
289 4145 444 4209 Eusebius
471 4147 553 4229 (hist.
572 4146 645 4210 eccl.
662 4148 694 4219 7,
712 4149 789 4227 22).
834 4147 893 4209 Hie
910 4169 982 4211 usus
1000 4161 1178 4211 mortuorum
1197 4168 1320 4229 corpora

94 4232 166 4302 aute
183 4235 381 4298 humationem
398 4234 514 4297 lauandi
533 4255 627 4317 nsque
646 4237 682 4297 ad
701 4247 804 4298 nostra
822 4243 953 4317 temqora
967 4237 1138 4319 permansit.
1173 4237 1206 4297 ln
1224 4236 1320 4300 Gallis
1343 4281 1346 4292 ·

95 4347 164 4391 euru
183 4345 291 4387 murem
310 4324 404 4386 luisse
421 4320 510 4385 refert
526 4323 560 4386 S.
578 4321 743 4402 Gregorius
758 4325 949 4388 Turonensis
965 4326 996 4387 in
1012 4329 1082 4389 lthro
1100 4327 1236 4404 degloriet
1252 4349 1321 4390 oon-

93 4419 238 4498 {meorum
255 4436 279 4475 c.
297 4414 380 4489 tna,
398 4411 467 4474 item
486 4411 517 4472 in
534 4417 601 4474 citis
616 4422 730 4492 potrum
748 4433 773 4474 c.
791 4414 862 4477 110.

109 4553 113 4564 .
175 4501 258 4587 Gap.
281 4501 334 4568 111.
371 4500 425 4564 Dc
464 4497 725 4586 expositione
766 4500 949 4587 corporis
985 4496 1145 4569 mortui.
1186 4500 1320 4570 Cadaver
