3067 5075
136 321 140 334 ,
224 266 270 338 24
597 252 602 262 ’
654 253 765 324 mx.
806 255 834 321 l.
849 251 887 318 G.
904 251 1011 321 warns

161 437 167 441 ’
196 445 200 450 ’
227 440 357 506 tauris
380 438 412 501 in
436 436 575 519 passione
598 433 806 517 exprimendus
830 439 858 491 et
881 429 1075 492 effundendus
1091 433 1171 490 esset
1188 424 1218 487 in
1236 422 1444 495 remissione·

229 538 426 615 peccaterum.
447 561 486 573 -
511 523 539 606 ξ.
555 523 587 587 4.
617 523 704 602 Quod
728 522 765 581 ad
784 529 902 599 tempus
923 515 1049 592 adtinet,
1075 534 1134 595 qno
1150 511 1286 576 Christus
1301 511 1443 594 hyssus·

231 638 298 680 eum
313 610 470 695 discipulis
486 599 692 685 decaniaicrit,
714 615 830 687 practer
844 606 859 667 l
869 602 1075 666 anseninrn
1094 610 1175 683 putat
1188 599 1444 684 saronis-⁸),
1483 681 1485 684 Ι

230 704 313 767 illurn
329 702 449 764 dilatum
464 698 557 761 inisse
574 707 640 778 pest
654 714 757 759 omnes
770 692 880 756 Christi
898 709 1048 753 sermones
1063 708 1100 752 ac
1115 707 1228 770 preces,
1243 706 1319 768 quas
1336 707 1445 750 recen·

231 800 277 858 set
294 791 424 854 loannes
440 784 628 867 coir.17.iis,
645 793 677 844 nt
692 782 815 858 ridetur,
832 775 938 841 causis'
948 780 1101 849 adductus,
1116 774 1253 857 quoniam
1270 772 1444 837 Matthaeus

231 898 267 942 nc
283 877 407 941 Marcus
422 875 540 949 haheat,
557 871 715 945 Christum,
739 868 816 930 dicto
833 867 948 947 hymno,
967 864 1075 927 exiisse
1090 863 1120 924 in
1136 872 1261 925 muniere
1279 860 1446 937 elisarum

138 1013 142 1027 .
230 959 530 1044 rerumprohahilins
547 969 605 1035 est,
628 959 763 1038 hymnum
781 953 975 1035 precationem
993 951 1074 1013 illam
1093 961 1122 1012 et
1139 969 1240 1012 omnes
1257 968 1413 1011 sermones
1428 969 1446 1010 a

231 1054 344 1115 Jonune
361 1056 533 1112 memoratos
549 1043 758 1127 praecessisse,
775 1041 913 1122 quoniam
924 1039 1058 1102 Christus
1073 1039 1149 1117 apud
1161 1043 1208 1100 Jo.
1221 1034 1272 1112 14,
1284 1037 1336 1099 31.
1355 1035 1446 1097 dixit:

231 1144 336 1215 curpho
350 1146 376 1196 rt
392 1135 566 1205 ᾱῑιιιάιιιιιιιι
579 1154 640 1208 nos,
665 1141 693 1193 et
708 1150 761 1210 per
777 1146 962 1208 consequens
979 1126 1036 1188 iam
1052 1124 1150 1206 hymni
1167 1122 1316 1205 paschalis
1332 1124 1446 1185 deosn-

233 1223 304 1290 utic
319 1220 432 1284 absolui
450 1220 560 1283 debuit.
597 1216 713 1280 Etenim
738 1211 769 1277 iu
794 1236 828 1277 cc
845 1235 946 1277 omnes
967 1211 1168 1288 conseminat,
1189 1209 1298 1273 nemini
1315 1211 1446 1272 nondun

232 1308 363 1391 irnplelis
376 1308 510 1370 omnihus
521 1304 695 1369 ceremoniis
711 1313 799 1384 atque
816 1302 930 1379 ritihus,
945 1298 1135 1382 inpraesenti
1152 1297 1271 1377 negotio
1287 1297 1448 1384 unicuique

232 1396 384 1464 israelitae
399 1397 436 1457 ad
453 1402 620 1456 accuratam
637 1390 869 1454 observationem
891 1387 1048 1452 inculcatis
1063 1396 1152 1466 atquo
1173 1383 1381 1465 praescriptis,
1397 1384 1446 1444 ii-

232 1484 333 1552 nuisse
350 1482 430 1545 exire
446 1484 542 1557 domo,
564 1481 594 1540 in
612 1498 670 1559 qua
686 1493 822 1539 comesus
838 1475 894 1537 init
910 1495 1006 1554 agnus
1021 1471 1181 1555 paschalis.
1213 1469 1344 1562 Accedit,
1368 1474 1446 1553 qued

232 1592 293 1640 uon
308 1568 405 1633 solum
421 1569 575 1629 admodum
591 1563 697 1645 prolixi
715 1563 774 1626 sint
796 1562 844 1624 isti
870 1581 1019 1624 sermones
1042 1570 1070 1622 et
1086 1570 1196 1641 tantun
1212 1568 1357 1624 mouente
1373 1579 1447 1621 eon·
1474 1587 1477 1596 ·

233 1657 350 1717 cionurn
368 1653 535 1718 Sereatoris
556 1674 594 1713 ex
609 1671 689 1714 more
705 1648 852 1711 scribendi
871 1646 1062 1728 evangelistis
1078 1646 1196 1728 proprio
1212 1647 1369 1722 sidentem
1394 1666 1447 1708 vs-

231 1763 297 1808 rum
329 1740 415 1806 etiarn
447 1747 589 1824 perpetua
614 1736 811 1818 apostolorum
836 1735 1104 1817 discipulorumque
1128 1734 1237 1797 Christi
1263 1734 1447 1795 conuelude

232 1828 332 1905 inerit,
348 1826 447 1889 statim
463 1825 688 1906 explicationem
706 1822 840 1903 grauium
856 1833 944 1904 atque
961 1822 1142 1886 insolitarum
1155 1841 1253 1883 rernm
1267 1842 1286 1883 a
1301 1839 1448 1900 praecep·

193 1975 196 1986 ,
234 1924 297 1978 tere
313 1935 367 1977 sue
386 1912 582 1993 efflagitandi,
606 1911 676 1992 quin
700 1911 757 1971 irno
774 1929 807 1970 re
823 1911 909 1972 etiarn
933 1929 993 1971 non
1015 1908 1196 1990 postulante,
1218 1906 1323 1970 adlatis
1339 1906 1447 1970 olienis

233 2013 264 2065 et
279 2022 370 2083 scopo
388 1999 497 2062 Christi
514 2002 689 2081 quandoque
706 1998 860 2060 centrariis
884 1995 1106 2077 quaestiouibus
1128 2005 1215 2077 atque
1236 1994 1446 2074 interrogatis-

36 2125 41 2144 ι
156 2153 160 2158 .
233 2090 323 2152 nibus
339 2106 489 2151 sermones
506 2088 571 2149 eius
587 2085 826 2165 interrumpendi.
850 2084 951 2163 Quare
967 2082 1121 2146 dicendum
1133 2093 1221 2159 esset,
1235 2084 1314 2164 quod
1331 2090 1447 2163 tenpus

224 2174 429 2254 ,decantationi
446 2173 620 2253 posterioris
635 2172 733 2251 hymni
752 2170 898 2251 paschalis
914 2172 1007 2251 partis
1023 2171 1198 2234 destinatum
1213 2169 1297 2249 prius
1314 2179 1454 2249 praeter*

232 2262 349 2342 lapsum
365 2259 489 2335 fuisset,
514 2278 600 2340 quarn
617 2256 754 2319 Christus
778 2276 852 2319 snae
875 2256 1082 2319 valedictoriae
1102 2256 1226 2320 orationi
1249 2255 1334 2317 finem
1351 2255 1447 2337 inpo-

232 2347 363 2423 suisset,
389 2346 467 2426 quod
484 2353 580 2407 tumen
595 2344 704 2407 iactum
720 2343 814 2405 inisse
831 2363 889 2404 non
907 2353 953 2406 est
967 2342 1136 2406 verisimile.
1174 2344 1265 2423 idque
1282 2351 1343 2419 est,
1370 2345 1446 2423 quod

212 2436 216 2441 ’
233 2431 444 2516 praster'alios
461 2442 559 2494 munet
575 2432 601 2493 l.
620 2429 893 2509 Gerhardus**)
911 2429 1049 2493 aedicius
1065 2441 1180 2492 οείονιιιιι
1193 2432 1266 2511 qued
1281 2432 1448 2493 Muttlrm

125 2558 127 2563 ·
232 2532 260 2584 et
277 2521 401 2585 Murcus
416 2521 528 2596 dieunt,
555 2521 694 2582 Christum
711 2519 810 2595 Maean
825 2519 899 2580 dicto
913 2523 1061 2585 tribuis
1078 2528 1203 2580 ansteo
1218 2520 1367 2596 olhersrn,
1391 2540 1446 2583 tres

231 2619 275 2677 est
287 2613 333 2677 ito
348 2609 562 2684 intelligendum,
579 2608 651 2686 qrmd
665 2609 759 2680 tonat
771 2607 989 2668 decantationem
1001 2611 1097 2668 statim
1108 2616 1135 2667 et
1149 2607 1304 2667 inanditae
1319 2626 1444 2683 φασιν

127 2692 130 2699 ’
232 2699 281 2758 ille
295 2705 404 2756 secutas
416 2697 518 2769 inerit,
542 2694 677 2772 siquidem
692 2703 755 2771 post
771 2695 917 2769 hymnum,
941 2714 1019 2773 quent
1033 2699 1093 2754 esai
1109 2699 1177 2772 uprri
1191 2694 1333 2772 pumiulis
1347 2703 1374 2757 et
1389 2696 1442 2755 nd·

232 2785 435 2856 dissentioni
451 2781 635 2841 eucharistius
649 2780 802 2856 subinnuit,
827 2789 892 2841 ente
905 2800 988 2842 suunt
1003 2802 1018 2839 s
1033 2782 1179 2843 menoccle
1195 2781 1445 2853 Hierosolsmitnas

105 2904 110 2908 -
125 2854 127 2859 ¹
233 2886 371 2947 mersam
386 2867 483 2927 hahuit
498 2869 642 2945 protinam
657 2869 737 2929 illam
751 2887 904 2929 menonem
919 2870 958 2928 nd
968 2869 1128 2947 discipules,
1145 2887 1224 2947 quern
1233 2872 1361 2928 ¹doceare
1371 2888 1445 2929 ocur·

213 2966 217 2969 ’
233 2965 369 3017 memoret
384 2964 411 3014 et
423 2972 516 3033 preces
534 2956 572 3014 nd
586 2964 695 3033 patrem
710 2956 851 3016 coelestem
865 2954 979 3031 effudit,
1003 2955 1136 3033 hancque
1152 2952 1341 3029 sententiam,
1365 2955 1443 3034 quod

231 3040 358 3122 hymnus
375 3039 571 3120 praecesserit
588 3043 689 3102 omnes
705 3038 775 3100 ilios
792 3060 942 3103 sermones
959 3059 978 3100 a
993 3041 1106 3102 loanne
1123 3049 1307 3115 memoratos,
1323 3049 1356 3101 ut
1374 3060 1445 3120 pro·

232 3128 406 3190 habiliorem
423 3128 564 3187 adversus
579 3126 792 3187 Baronium
808 3135 916 3200 tuetur,
931 3124 961 3186 id
977 3128 1053 3205 quod
1070 3124 1157 3189 itiam
1174 3126 1219 3189 is.
1236 3125 1444 3188 Casauho-

230 3212 374 3291 susm)
397 3213 543 3275 observat.
584 3210 671 3287 Quod
694 3221 790 3272 nutem
814 3211 983 3275 Matthaeus
1008 3220 1036 3274 el
1058 3211 1180 3275 Marcus
1207 3212 1316 3274 exitum
1335 3212 1445 3275 Christi

233 3318 300 3365 cum
316 3297 424 3375 hymno
441 3296 607 3381 immediate
623 3297 820 3377 coniungant,
846 3318 884 3360 ex
900 3299 1060 3362 euinctum
1078 3307 1132 3377 cst,
1150 3302 1227 3380 qnod
1243 3299 1364 3379 longum
1381 3300 1445 3362 eins

233 3405 396 3449 sermonem
415 3383 575 3446 omiserinc
597 3418 637 3431 -
661 3382 689 3468 §.
705 3384 737 3446 5.
769 3384 856 3447 Nunc
871 3384 1084 3468 discipiendnm
1103 3396 1157 3464 est,
1175 3385 1291 3466 qualern
1306 3387 1444 3468 hymnum

110 3488 116 3509 ⁸
232 3472 370 3535 Christus
395 3491 460 3533 cunr
483 3467 625 3552 apostolis
650 3469 798 3535 cecinerit.
842 3472 984 3535 Nonnulli
1009 3483 1126 3556 putant,
1150 3472 1298 3536 Christum
1323 3494 1444 3554 compe·

192 3558 196 3565 ’
229 3558 332 3621 sciisse
348 3566 377 3620 el
394 3567 531 3621 cantasse
548 3577 653 3620 nevum
671 3561 824 3640 quemdam
838 3558 987 3642 hymnum,
1005 3561 1147 3643 quoniam
1163 3559 1323 3622 instituerit
1338 3580 1444 3625 uerum

230 3647 298 3708 nori
315 3645 444 3720 laederis
460 3653 673 3708 sacramentum
690 3646 793 3726 sicque
810 3667 875 3709 eum
896 3647 937 3710 ita
958 3647 1141 3722 formaverit,
1167 3658 1199 3709 ut
1221 3667 1286 3709 cnm
1309 3645 1443 3710 instituto

229 3752 307 3795 noro
324 3731 501 3794 conveniret.
536 3731 580 3794 lta
595 3732 683 3795 sentit
698 3733 810 3813 Hugo
830 3732 993 3795 Grotius
1006 3736 1054 3810 †),
1067 3735 1156 3814 ‘quod
1171 3728 1250 3796 sient
1264 3736 1300 3796 ad
1318 3744 1442 3798 veterem

227 3819 393 3899 gratiarum
417 3819 560 3882 actionem
583 3818 720 3884 Christus
742 3840 846 3883 norom
870 3821 1014 3884 addiderit
1036 3840 1091 3882 suo
1115 3819 1248 3883 instituto
1273 3840 1443 3898 congruen-

230 3913 297 3979 ten,
321 3907 408 3969 itaet
423 3908 458 3969 de
475 3908 580 3990 hymno
598 3927 664 3969 enrn
679 3907 804 3984 fecisse,
829 3906 1047 3985 sitcredihile,
1058 3927 1093 3968 ac
1108 3905 1184 3970 forte
1200 3928 1235 3972 sa
1250 3908 1317 3990 ipss
1332 3908 1442 3978 inruo-

197 4058 204 4065 ,
229 3996 299 4057 dum
314 3994 412 4078 hymni
429 3994 552 4072 dixerit,
578 4015 653 4076 quae
674 3996 752 4076 apud
768 3996 910 4088 ioannem
925 4016 949 4059 c.
967 3996 1018 4059 17.
1033 3992 1179 4074 legamus.
1214 3995 1275 4059 Sed
1298 3996 1440 4059 senueris

297 4230 327 4289 *l
347 4233 450 4287 Ausul.
468 4233 506 4282 nri
521 4249 584 4287 nnn.
604 4233 664 4287 cte,
681 4228 725 4284 34.
741 4232 815 4286 Μ,
827 4231 878 4284 Μ,
899 4239 959 4287 rm
978 4233 1002 4284 1¹
1025 4248 1050 4302 p·
1072 4233 1133 4288 185·
1494 4274 1497 4284 ι

296 4295 546 4435 :cestrae
565 4300 1088 4438 incessentem·
1105 4303 1132 4355 ³·
1154 4318 1182 4371 ι·
1199 4302 1276 4360 ¹⁷²⁵·
1363 4325 1392 4367 τ

228 4505 232 4517 ,
295 4434 331 4502 “Ι”)
351 4435 669 4504 animaduertisti,
689 4436 1165 4508 tu,res.³.spes,a„r‚p,m‚
1398 4424 1400 4429 ·
