3067 5075
388 267 425 330 de
441 264 551 332 ritibus
561 260 787 350 baptismalibus
802 283 865 334 see.
881 267 1017 333 secundi.
1268 270 1312 336 83

74 458 201 516 mm,
218 437 261 502 ita
274 443 447 520 praesertim
459 452 488 506 et
499 443 588 526 hujus
598 441 729 506 muneris
741 442 894 506 lunatione
910 443 941 505 in
957 441 1127 505 ordinatiori
1144 440 1197 506 illa
1214 443 1313 507 eccle·

71 526 131 589 sia
151 546 225 589 esse
237 527 341 610 jnssae
357 528 443 593 luere
460 532 614 610 mulieres,
637 531 695 593 nisi
712 530 861 614 peculiare
878 529 952 594 illnd
969 532 1093 595 restium
1111 534 1312 595 exuendarum

71 626 110 678 ct
127 613 350 679 induendarnm
368 618 551 700 baptizandis
567 619 704 682 foeminis
721 622 947 701 praestandam,
974 622 1051 702 qaod
1067 620 1245 682 diaconissis
1261 621 1312 683 in-

56 705 257 782 ·enmbcbat,
275 705 468 770 ministerium
482 708 624 771 fortassis
639 709 697 770 lrnc
713 707 829 772 trahere
845 707 968 790 relis*).
984 747 1020 759 -
1039 708 1068 793 ξ.
1083 711 1114 771 7.
1131 708 1313 771 Dedneimnr

75 794 120 853 ad
141 791 412 857 considerationem
437 817 555 874 eorum,
580 816 656 879 quae
673 797 704 858 in
727 806 812 858 actas
831 795 1013 878 baptismalis
1028 798 1125 858 forma
1142 797 1312 859 accidenta-

74 879 160 941 lium
180 879 365 944 solummedo
380 883 447 946 loeo
464 884 566 947 baberi
584 883 730 962 solebant,
748 904 872 966 quornm
886 884 1002 946 seilicet
1017 905 1052 946 ea
1069 887 1228 965 putabatur
1244 904 1312 948 esse

78 967 236 1042 conditio,
259 980 292 1032 ut
309 991 367 1032 non
384 991 420 1035 co
437 972 537 1053 rigore
553 975 589 1034 ad
608 972 767 1050 legitimam
786 973 921 1054 baptismi
936 972 1170 1053 perfunctionem
1187 985 1215 1036 ct
1231 973 1313 1035 eele-

77 1055 254 1120 brationem
271 1078 307 1121 ac
323 1079 368 1136 ca,
395 1079 470 1141 qnae
486 1070 573 1123 antea
591 1060 768 1123 adduximus
786 1061 1028 1139 attrectavimus,
1047 1071 1193 1140 momenta
1207 1061 1313 1142 requi·

76 1147 183 1207 reuda
199 1165 269 1208 esse
284 1158 485 1210 censerentur.
508 1148 629 1230 Spectat
645 1146 704 1209 hnc
719 1155 852 1229 ternporn'a
868 1169 904 1211 ac
920 1152 982 1227 loci,
1000 1170 1057 1229 qno
1076 1148 1212 1231 baptismi
1229 1148 1312 1212 cele·

79 1234 187 1295 brutio
204 1233 321 1296 solebat
335 1235 457 1314 institui,
477 1236 614 1299 candido.
652 1238 738 1314 Quod
756 1240 792 1299 ad
810 1248 916 1317 temptes
931 1237 1043 1314 attinet,
1061 1237 1133 1299 illnd
1150 1237 1245 1318 primu
1260 1258 1313 1300 ec-

83 1320 204 1397 clcsiae
220 1330 316 1385 aetate
334 1324 476 1405 baptismo
494 1345 635 1406 expresse
652 1322 855 1403 praestitutum
872 1344 907 1386 ac
926 1333 1036 1386 certum
1054 1324 1081 1386 ei
1097 1327 1314 1407 praescriptum

74 1429 149 1470 'non
168 1411 422 1491 deprehendimus.
459 1411 551 1473 Pront
567 1411 691 1494 quisque
714 1411 894 1474 christianae
909 1411 975 1473 lidei
993 1411 1139 1491 capitibus
1155 1433 1313 1476 assensum

79 1500 268 1579 praebuerat
284 1506 314 1562 ct
327 1498 485 1563 schristo
503 1503 634 1562 dextram
650 1521 817 1583 nomenque
828 1503 963 1562 daturum
980 1500 1054 1577 lore,
1072 1500 1150 1562 serio
1166 1502 1197 1561 in
1214 1501 1312 1563 animo

82 1596 117 1649 at
134 1587 292 1649 ridebatur
309 1598 337 1649 et
354 1589 516 1650 testabatur
533 1586 644 1651 habere
661 1596 749 1670 atque
771 1588 841 1650 inde
866 1588 1002 1669 baptismi
1028 1587 1192 1668 accipiendi
1216 1610 1313 1671 capax

82 1677 278 1751 censebatur,
295 1675 360 1758 ejus
376 1697 429 1757 pro
446 1677 586 1757 temporis
602 1677 716 1739 ratione
731 1675 954 1758 impertiebatur
965 1675 1021 1756 ipsi
1033 1675 1208 1757 baptismus.
1228 1678 1312 1740 llaec

82 1762 294 1844 primacra”)
311 1763 477 1844 apostoliea
492 1764 594 1846 praxis
611 1764 677 1828 snit.
706 1766 810 1827 Aetate
827 1764 959 1846 proxime
974 1765 1110 1826 insecata
1128 1765 1312 1847 baptismatis

84 1849 304 1914 administratio
323 1852 355 1912 in
379 1851 488 1915 festina
511 1852 660 1933 paschalis
685 1861 713 1914 et
736 1852 946 1932 pentecostalis
970 1852 1109 1932 temporis
1128 1854 1313 1917 solemnitate

85 1945 212 2021 peracta
234 1938 301 2002 luit.
337 1939 451 2002 Auctor
474 1941 560 2003 nobis
583 1951 628 2002 cst
645 1939 868 2018 Tertullianus,
893 1939 945 2022 qui
967 1941 1025 2000 dno
1048 1940 1158 2002 haecce
1181 1950 1314 2023 tempora

84 2026 237 2109 explicate
255 2027 473 2111 designatffl).
505 2027 647 2091 Similiter
664 2026 797 2110 paschali
814 2038 942 2108 tempore
959 2024 1178 2091 catechumenis
1194 2030 1311 2111 baptis-

76 2156 295 2169 u*—

162 2214 190 2278 *)
210 2216 241 2268 tle
260 2233 310 2283 qno
329 2216 449 2269 roriferas
465 2217 618 2275 itadictnm
635 2215 836 2283 Dionysium
856 2219 957 2280 Arsop.
975 2215 1040 2265 dice.
1061 2216 1121 2269 secl.
1138 2216 1166 2271 2.
1186 2233 1211 2283 p.
1230 2214 1293 2274 tte.

160 2283 204 2350 **)
220 2287 268 2338 boc
286 2287 419 2339 commode
431 2287 506 2349 satis,
526 2293 633 2354 pronta
650 2286 793 2351 majoribus
811 2285 922 2352 accepit,
943 2285 1025 2336 tradit
1043 2291 1071 2335 ct
1088 2285 1203 2353 explicat
1220 2296 1313 2340 auctor

86 2357 267 2406 macnarii
281 2357 309 2405 in
325 2356 424 2421 eps'stol.
441 2358 518 2410 Paul.
536 2357 574 2404 ad
588 2355 685 2421 Ephes.
703 2357 730 2407 l.
750 2356 795 2422 qui
811 2354 991 2406 Ambrosio
1009 2353 1155 2422 adscriptas
1173 2356 1224 2407 tait
1240 2363 1313 2422 (tots.

87 2427 117 2478 5.
138 2442 210 2491 oper.
234 2441 261 2492 p.
279 2425 340 2477 355.
368 2425 409 2477 cd.
429 2425 510 2476 Basil.
531 2424 638 2490 1567.):
665 2425 778 2489 primum
801 2441 887 2475 omnes
905 2423 1031 2473 docebant
1050 2432 1074 2472 ct
1092 2441 1177 2475 omncs
1195 2426 1314 2489 baptiza-

86 2496 170 2559 baat,
191 2495 384 2564 quibuscunque
402 2494 492 2545 diebus
516 2497 559 2545 nel
575 2494 731 2560 temporibus
749 2493 843 2559 suisset
870 2493 979 2548 cesamo.
1015 2495 1070 2543 Nee
1090 2493 1155 2542 enim
1176 2495 1315 2562 Philippus

86 2574 193 2630 tenpus
213 2566 340 2631 maduit
360 2572 409 2613 ast
428 2564 509 2627 diem,
533 2581 583 2632 qun
603 2564 745 2612 mnndum
765 2564 930 2628 baptizeret5
949 2579 1032 2629 arsque
1047 2562 1180 2631 jejunium
1199 2566 1313 2629 interpe-

85 2634 153 2689 sed.
188 2636 280 2701 Neque
296 2635 440 2682 Fecisset
458 2634 529 2683 Silas
545 2641 646 2697 tempas
663 2632 830 2696 distulerunt,
849 2649 898 2699 pso
916 2632 1043 2696 optionem
1063 2634 1177 2681 aaronis
1193 2633 1314 2699 baptisa-

85 2711 150 2753 reat
167 2719 223 2751 mm
240 2702 356 2751 omnibus
374 2701 439 2770 ejus.
462 2704 553 2769 Nepae
566 2707 660 2751 Petrus
671 2702 794 2752 dr'ueonos
806 2701 898 2750 induit
911 2709 958 2750 nat
970 2699 1037 2749 diem
1052 2702 1189 2769 pertinit,
1209 2704 1314 2771 quando

89 2772 238 2823 Corneliam
255 2787 312 2820 esar
328 2772 397 2820 omrai
415 2771 487 2820 domo
505 2772 563 2838 ejus
580 2770 731 2834 baptizavit.

159 2839 217 2904 m)
237 2839 275 2891 lta
289 2840 357 2891 enlm
369 2840 429 2892 libr.
442 2841 474 2888 de
487 2840 607 2904 baptism.
620 2837 661 2890 19.
676 2854 701 2906 p.
715 2838 784 2891 tttz
801 2839 867 2888 &em
885 2837 1012 2903 baptismo
1028 2837 1197 2888 solmniorem
1211 2842 1314 2905 pascha

82 2917 222 2977 ructat,
241 2915 298 2959 ease
315 2918 340 2958 st
353 2909 444 2975 passio
461 2909 574 2969 Domini,
591 2909 620 2957 irs
637 2925 690 2975 qao
707 2909 845 2972 tingimur,
863 2908 1005 2971 adimpleta
1023 2914 1063 2956 ert
1079 2923 1127 2955 nee
1141 2908 1314 2973 incongruen-

87 2989 134 3029 ter·
151 2979 211 3047 quis
233 2980 271 3027 ad
293 2977 409 3042 figuram
425 2978 657 3042 interpretabitur,
683 2978 753 3044 qaod
770 2993 825 3025 cam
844 2976 962 3025 nltimam
982 2974 1084 3038 pareto
1103 2978 1229 3027 Domim
1248 2989 1314 3029 esset

88 3057 210 3112 aarum,
229 3048 314 3097 ramme
332 3048 470 3113 descipulis
487 3048 525 3095 od
537 3045 773 3111 praeparandum:
792 3045 940 3107 inuenietis,
958 3043 1057 3110 inquit,
1077 3043 1201 3093 dominam
1218 3064 1314 3115 apuam

88 3118 262 3185 &scientem
298 3116 416 3166 Paschae
432 3116 604 3165 celebrandae
620 3116 702 3164 locem
721 3114 754 3163 de
773 3114 851 3178 rigeo
870 3128 957 3182 oquae
973 3112 1094 3164 mandit.
1130 3114 1233 3165 Exinde
1250 3133 1314 3181 pen.

86 3194 186 3237 tecoste
204 3186 359 3235 amandis
384 3186 498 3235 lenam&
520 3183 674 3234 latissimum
693 3184 808 3249 spetiem
828 3192 881 3247 ert,
907 3198 957 3249 qno
983 3188 1009 3228 et
1030 3181 1136 3229 Domini
1157 3187 1313 3236 resurrectio

87 3256 161 3305 iuter
178 3254 321 3318 dt‘aripnlos
338 3254 507 3323 frequentata
526 3262 564 3303 est
583 3261 609 3301 et
626 3254 722 3319 grstia
742 3254 857 3318 Spiritus
877 3256 903 3301 S.
923 3249 1045 3299 dedicata
1066 3259 1091 3298 et
1110 3267 1169 3315 spes
1187 3254 1314 3306 adventas

88 3324 199 3374 Domini
215 3324 376 3386 minatensis,
396 3324 467 3391 quod
481 3332 543 3372 tuere
559 3323 589 3371 in
609 3324 692 3372 coelos
708 3330 863 3387 recuperato
882 3337 910 3369 eo
929 3321 1023 3383 angeli
1039 3319 1076 3367 nd
1094 3323 1225 3385 apostolos
1242 3325 1314 3373 dixe-

89 3401 170 3453 runt,
189 3394 229 3443 sic
244 3394 393 3456 vestirem,
412 3392 623 3460 quemadmodum
640 3400 665 3440 rt
684 3393 712 3440 in
730 3393 813 3441 coelos
833 3391 985 3452 cormccndit,
1005 3389 1095 3456 ntique
1112 3391 1140 3437 in
1155 3400 1313 3454 pentecoste.

92 3459 131 3514 Su
166 3463 258 3512 rtlnnm
280 3461 390 3513 tortasse
410 3461 560 3525 videbitur,
587 3460 629 3510 bio
646 3461 793 3524 monuisse,
819 3476 868 3526 qao
886 3473 964 3509 sensu
983 3465 1141 3521 pentecostes
1160 3461 1314 3511 tutissimam

91 3476 247 3596 mandis
264 3531 380 3580 honeris
397 3532 526 3595 spatium,
547 3529 621 3593 cujus
639 3527 884 3580 Tertullianus
901 3526 1034 3589 meminit,
1061 3526 1238 3592 accipiendam
1257 3529 1315 3581 siti

91 3595 196 3654 w
213 3599 272 3665 ejus
291 3615 324 3650 ex
341 3606 427 3650 mente
445 3600 494 3650 boe
519 3605 683 3665 pentecostes
703 3598 787 3665 spatio
813 3613 862 3648 non
883 3597 954 3646 sotus
974 3593 1102 3645 duntaxat
1123 3601 1150 3645 et
1173 3598 1313 3661 singularis

35 3725 38 3734 Ι
93 3667 168 3738 aas,
182 3670 227 3722 sed
247 3669 384 3720 universus
405 3669 590 3735 quinquaginta
611 3667 710 3718 dierum
730 3667 799 3718 inter
816 3667 914 3734 pascha
933 3671 959 3715 et
977 3670 1144 3731 pentecosten
1164 3666 1315 3734 interjecto·

93 3753 152 3792 ran
168 3735 321 3805 'complexus
338 3739 487 3789 denotatur.
524 3737 663 3788 llos-enim
682 3736 797 3800 singulos
822 3736 905 3786 laetos
926 3733 1057 3799 lcstosqne
1077 3740 1149 3784 actos
1170 3752 1227 3788 csse
1246 3738 1313 3805 dics,

93 3795 231 3875 moade,
259 3807 398 3871 genialiter
417 3814 444 3858 ct
464 3807 594 3873 explicata
613 3805 698 3856 fronte
719 3806 881 3868 celebratos,
904 3819 937 3854 ex
953 3802 1159 3868 jejunationum,
1181 3808 1315 3870 genicula·

93 3873 374 3942 tiadanliarumque
392 3877 531 3927 severioris
548 3882 575 3926 ct
592 3875 723 3938 rigidioris
742 3874 895 3942 disciplinae
913 3873 1035 3940 partium,
1057 3887 1105 3938 por
1122 3874 1171 3926 boc
1191 3877 1314 3944 temporis

94 3945 261 3998 interuallum
286 3945 392 3997 decreta
412 3945 581 4009 abrogatione
600 3943 678 3994 luciis
698 3945 796 4010 liquet,
824 3943 916 4010 quippo
936 3956 1000 4007 quas
1020 3956 1077 3991 cum
1093 3942 1210 4007 jocunda
1229 3953 1255 3996 ct
1276 3946 1316 3997 bi·

94 4015 157 4079 tart,
175 4021 268 4082 partae
286 4030 333 4082 per
344 4014 446 4065 Domini
461 4014 688 4077 resurrectionem,
708 4014 801 4064 salutis
815 4012 1065 4076 lantistinrornrnqne
1079 4012 1204 4065 divinitus
1223 4030 1315 4082 necep-

90 4090 180 4148 dm
198 4084 382 4135 charismatum
402 4083 569 4134 meditatione
589 4090 616 4133 et
629 4082 815 4146 ,recordatione
834 4082 910 4147 plane
930 4095 979 4129 non
998 4080 1148 4146 conspirare
1165 4100 1251 4150 posse,
1271 4085 1313 4149 pio

96 4151 209 4210 fielium
229 4154 316 4205 coetui
336 4165 488 4220 persuasum
508 4159 576 4204 crat.
612 4150 675 4202 Piae
695 4152 776 4215 igitar
798 4150 981 4202 oblectationis
1000 4156 1027 4199 et
1044 4149 1179 4217 laetitiae,
1207 4153 1250 4202 oni
1268 4166 1315 4219 per

96 4223 146 4274 bec
161 4230 263 4290 ternpus
281 4221 460 4286 indulgebant,
477 4221 625 4272 testimonio
643 4237 744 4287 qnoque
762 4227 821 4272 erat
838 4219 959 4287 baptismi
977 4218 1093 4282 largitio,
1111 4218 1180 4271 dioto
1198 4228 1314 4286 tempore

97 4291 289 4344 micaenis
309 4288 398 4358 lacta,
413 4305 474 4358 ¹quc
491 4290 620 4342 laetantes
639 4292 666 4340 in
685 4291 824 4341 ecclesiam
841 4288 943 4355 ingredi
967 4287 1159 4353 communisque
1180 4291 1269 4353 gaudii
1288 4298 1316 4343 et

95 4360 263 4416 nodationis
290 4360 382 4412 affines
407 4360 466 4412 fleri
490 4367 620 4426 poterant.
658 4358 790 4411 Vocabulc
811 4365 972 4425 pentecostes
992 4372 1070 4408 sensu
1091 4365 1151 4409 ante
1171 4368 1313 4412 memorato

96 4430 248 4498 explicando
274 4432 405 4483 commode
430 4429 558 4482 inservire
584 4429 689 4482 videtur
713 4429 787 4480 locus
807 4425 1021 4480 Tertulliani
1052 4426 1087 4474 ds
1112 4426 1245 4484 idololatr.
1269 4430 1313 4482 14.

98 4516 126 4571 1³.
141 4499 191 4560 287
201 4519 209 4558 e
236 4501 344 4554 addus
359 4501 439 4555 semel
456 4516 561 4551 amnes
579 4499 760 4571 disseritque
778 4498 863 4568 fenus
881 4505 937 4562 θεὶς
963 4495 1013 4546 tibi
1028 4504 1117 4545 ortano
1136 4515 1237 4571 quoqne
1255 4499 1316 4566 die,-

1060 4563 1110 4634 6*
