3067 5075
354 299 390 362 dc
406 298 670 382 procrastinatione
686 298 828 384 baptismi
840 304 918 385 apud
934 313 1060 373 veteres.
1244 312 1311 381 lii

72 478 133 538 heri
151 479 259 540 tirrait0
281 473 429 547 Ambrosii
445 475 548 555 (serm.
566 475 718 542 dominii.
735 486 812 559 post.
828 480 980 561 pentec.)r
1000 504 1057 547 nos
1071 486 1150 548 nohis
1164 492 1311 553 orbatotis

74 567 203 646 petendu
220 574 263 625 cot
279 571 364 642 rapio,
384 585 442 627 non
457 565 562 640 placius
576 576 667 628 terrum
675 568 825 647 judaicas,
860 571 915 631 Ubi
929 578 1002 633 caira
1016 595 1091 635 abac
1108 577 1245 653 Christus,
1272 581 1311 643 itt

73 672 188 735 puroque
203 653 349 714 cortone
364 663 415 714 cst.
451 655 557 714 Eodem
572 662 750 729 consecratio,
772 676 842 735 paroc
856 658 971 721 orientis
986 660 1147 736 flaminibus
1161 665 1309 745 benemar,

73 745 239 803 occideretis
252 740 359 816 ducatu
373 742 539 818 sanctificet.
553 776 592 788 -
610 742 638 826 ᾗ.
652 743 704 804 li.
720 739 885 824 Plerosque
901 766 960 808 una
977 748 1097 810 retinuit
1113 768 1214 827 causa,
1231 752 1308 817 ritae

72 828 220 890 nimirum
241 825 381 891 licentius
398 831 534 909 agendae
550 833 750 906 consuetudo,
768 851 844 911 quae
863 832 947 894 labes
964 834 1154 899 diuturnitate
1169 840 1310 921 temporis
1382 906 1388 911 ,

74 916 125 979 rix
141 915 272 979 evanuit
289 926 317 978 ct
333 937 424 997 aegre
440 916 499 980 elui
516 917 618 999 potuit.
646 916 876 981 Consideremus
894 921 1033 985 rationem
1051 935 1080 986 et
1096 925 1308 993 institutionem

73 1005 152 1068 ritae
178 1002 360 1084 gentilium,
385 1027 423 1067 ex
447 1005 553 1086 quibus
577 1008 614 1067 ad
640 1004 749 1069 Christi
778 1027 864 1071 saera
889 1009 1068 1073 transierunt
1093 1016 1307 1083 catechumeni.

75 1091 297 1172 Quanta‘erga
313 1095 409 1154 Deum
431 1092 590 1173 impietas?
615 1104 724 1174 quanta
745 1115 817 1175 erga
838 1095 914 1157 alios
939 1099 1083 1180 injustitia
1100 1094 1307 1167 dominabatur

74 1191 102 1241 et
116 1177 291 1242 violentia‘t
316 1192 386 1262 quot
408 1181 487 1242 vitiis
512 1191 600 1263 atque
624 1182 746 1262 flagitiis
771 1194 800 1245 et
825 1184 902 1245 omui
919 1187 1064 1249 dedecore
1081 1209 1148 1251 sese
1163 1190 1306 1272 inquina-

74 1270 143 1330 bant
159 1267 327 1330 hominesi
342 1266 346 1273 ’
360 1267 548 1349 ingurgitare
565 1269 692 1346 serino,
720 1273 908 1350 pergraecari
925 1294 991 1337 cam
1009 1278 1126 1353 scortis,
1150 1293 1306 1358 quaestura

76 1376 201 1438 corpore
220 1355 333 1433 iacere,
358 1354 455 1434 ludos,
481 1357 666 1438 turpissimos
684 1362 907 1439 saepenumero,
926 1373 1087 1441 spectatum
1105 1366 1158 1441 ire,
1182 1378 1211 1428 et
1228 1389 1304 1448 quas

73 1443 119 1506 hie
136 1444 265 1521 similia,
291 1442 338 1506 rel
355 1444 472 1506 minime
490 1445 535 1507 rel
553 1466 656 1526 parum
674 1445 750 1506 iuter
766 1446 838 1509 vitia
854 1450 1035 1528 ponebatur,
1061 1451 1148 1513 immo
1164 1452 1240 1515 inter
1256 1477 1304 1519 res
1413 1514 1417 1523 ,

76 1543 103 1594 et
124 1532 218 1594 utiles
237 1542 269 1593 et
286 1531 426 1595 honestas
448 1532 641 1596 referebatur.
678 1534 770 1596 Hisce
794 1556 863 1597 uero
881 1537 1016 1599 omuibus
1035 1548 1064 1600 et
1081 1540 1194 1603 cunctis
1212 1543 1303 1606 rebus

73 1621 161 1701 hujus
180 1620 450 1691 seculinuncium
477 1621 623 1684 remittere
641 1623 802 1698 debebant,
827 1644 887 1685 nou
904 1626 954 1706 qui
971 1625 1158 1690 christianam
1177 1627 1303 1710 religio·

76 1728 139 1769 nem
154 1709 220 1790 jann
238 1706 311 1789 olim
326 1708 455 1791 amplexi
472 1709 562 1791 inque
578 1731 614 1772 ea
631 1710 746 1772 edueati
758 1721 842 1772 eraut
853 1710 960 1792 solum,
978 1717 1030 1776 sed
1047 1715 1141 1796 etqui
1159 1714 1304 1783 elementa

75 1795 140 1857 idei
159 1799 366 1859 edocebantur
383 1808 411 1858 ct
427 1799 464 1858 ad
483 1798 657 1879 baptismum
676 1802 936 1880 praeparabantur.
975 1802 1012 1863 at
1028 1824 1114 1883 quarn
1132 1801 1252 1867 diiiieile
1268 1827 1302 1869 se

77 1882 209 1965 aliosque
227 1885 269 1945 ab
285 1885 332 1949 his
350 1885 496 1966 pestiferis
513 1885 591 1947 vitiis
609 1886 744 1963 retinere,
770 1887 877 1967 quibus
894 1909 912 1950 a
926 1890 1078 1970 juveutute
1093 1891 1183 1953 dediti
1199 1896 1300 1957 eraut!

77 1971 144 2033 lude
161 1972 298 2049 factum,
324 1984 356 2034 nt
371 1973 418 2034 his
434 1972 511 2034 vitiis
528 1983 557 2035 et
571 1973 736 2034 sceleribus
754 1975 959 2054 contaminati,
985 1979 1094 2058 quibus
1118 1998 1153 2040 se
1168 1977 1300 2044 delectu-

76 2061 144 2121 bant
158 2058 397 2138 incredibiliter,
422 2082 559 2141 maguam
577 2061 635 2121 sibi
652 2060 836 2124 viru-inferre
856 2064 1025 2143 debuerint,
1053 2064 1200 2129 Christum
1216 2069 1301 2150 sequi

76 2156 213 2210 statutum
232 2149 380 2211 habentes
397 2170 463 2210 cum
481 2149 578 2211 animo
594 2169 631 2210 ac
648 2149 851 2212 deliberatum.
885 2151 945 2213 atii
962 2172 1030 2214 vero
1047 2154 1122 2215 hanc
1138 2154 1300 2220 molestiam

77 2255 111 2296 cx
122 2237 321 2318 cupiditatum
333 2237 524 2319 oppressione
536 2248 705 2300 uroscenteur
724 2237 873 2315 fugientes
891 2247 919 2300 et
934 2239 1168 2318 reformidantes,
1185 2244 1299 2326 baptis·

76 2344 148 2385 muer
165 2327 205 2387 ad
223 2322 300 2387 iilos
315 2323 420 2387 aetatis
444 2345 539 2386 anuos
564 2326 835 2407 procrastinabant,
862 2327 969 2408 quibus
986 2328 1121 2390 uitiorum
1139 2329 1298 2397 illecebrae

75 2419 103 2472 et
118 2412 272 2475 lenocinia
289 2413 416 2475 extincta
433 2412 512 2490 iere,
539 2413 642 2477 saiteru
659 2414 813 2497 debilitata
830 2414 950 2477 faritius
964 2416 1041 2478 uinci
1061 2437 1149 2497 posse
1166 2419 1299 2482 somniu-

78 2499 153 2565 baut.
192 2501 307 2566 Omnia
323 2522 391 2565 vero
409 2511 529 2583 peccata
544 2501 574 2564 in
597 2498 741 2584 baptismo
768 2512 872 2584 postea
895 2503 1066 2568 remittenda
1088 2505 1299 2590 sperabant*).

80 2586 210 2652 Graviter
225 2593 386 2653 admodum
404 2590 535 2653 Basilius
552 2591 615 2672 (cit.
632 2591 723 2672 hom.)
745 2591 777 2652 iu
792 2592 868 2654 hauc
884 2594 1157 2673 procrastinationis
1176 2616 1299 2660 causam

81 2674 242 2740 inrehitur:
269 2682 498 2759 oiurpcdimente
514 2680 621 2759 prauo!
646 2702 663 2741 o
685 2690 793 2760 turpem
817 2691 842 2741 ct
858 2687 1068 2744 interminatum
1081 2690 1298 2764 occupationem.

83 2768 225 2848 Quousque
245 2770 358 2829 tandem
378 2767 559 2848 uoluptates?
582 2790 720 2848 usquequo
741 2767 879 2828 deliciae?
913 2775 1043 2832 Victurus
1060 2774 1176 2833 moritum
1191 2783 1300 2852 ternpus

82 2857 185 2932 mando,
202 2860 344 2937 rehqcnru
356 2862 484 2918 nocuos
498 2866 525 2917 ct
540 2857 620 2917 nohis
635 2855 728 2935 ipsis?
758 2855 793 2916 ln
808 2857 1000 2935 sequentibus
1018 2858 1133 2940 pergit:
1149 2867 1214 2922 noui
1227 2884 1298 2941 pro-

82 2949 305 3007 crastinationem
321 2955 407 3021 trram,
432 2965 591 3024 puonpuom
607 2965 668 3004 enno
684 2945 774 3005 verbis
789 2951 925 3023 mntcpis3
947 2949 1071 3007 chorona
1086 2969 1131 3008 res
1145 2954 1234 3028 ipssa
1250 2959 1299 3011 ta.-

82 3037 155 3092 tttstsi
166 3053 232 3094 coca
247 3043 333 3094 tucos.
368 3037 446 3105 Siros,
462 3042 528 3094 ntor
543 3052 656 3111 corpore
670 3033 710 3092 ud
725 3034 863 3107 frotcndue
879 3042 974 3111 torpeo
989 3036 1124 3109 libidines,
1143 3038 1251 3098 celator
1266 3044 1298 3098 ia

82 3134 156 3179 acono
170 3124 362 3202 voluptatum,
391 3156 429 3167 —
457 3155 487 3170 ψ
520 3129 547 3180 ct
562 3130 628 3180 tuno
644 3141 705 3181 cuno
728 3121 839 3180 taudem
856 3142 875 3182 n
892 3124 976 3183 noctis
990 3124 1143 3202 nhpurnndo
1158 3125 1297 3198 destitero,

81 3212 224 3286 usdptoru
257 3207 420 3288 baptismo?
463 3207 549 3285 Quod
584 3228 703 3288 pravum
738 3206 894 3269 consilium
926 3210 1113 3271 vehementer
1141 3210 1298 3291 vituperat.

82 3288 195 3356 Praeter
211 3295 274 3359 alia
291 3299 365 3359 haec
380 3317 498 3378 quoque
514 3295 645 3376 profert:
678 3300 824 3358 doctorum·
838 3302 900 3377 ptris
922 3299 972 3359 tihi
993 3304 1066 3360 eitam
1082 3301 1196 3360 limitem
1210 3321 1297 3379 pros-

81 3377 161 3451 iill?
176 3393 239 3464 quis
256 3396 360 3447 embron
376 3391 523 3448 senectutis
538 3391 685 3447 terminum
700 3387 749 3447 tibi
765 3384 913 3460 dctinimt‘i
930 3417 965 3431 -—
989 3422 1027 3436 -
1052 3388 1126 3461 Quid
1141 3398 1318 3468 exspectas,

83 3475 110 3526 st
122 3470 247 3549 bsaspior‘o
263 3476 351 3551 fabris
366 3484 392 3535 ct
407 3494 520 3535 munera
535 3474 675 3553 baptisma
691 3479 823 3552 occipias,
839 3476 950 3553 pronde
965 3495 1050 3555 nepae
1060 3477 1203 3537 soluturis
1213 3479 1297 3538 corba

83 3559 200 3632 profare
221 3568 344 3643 potoris,
369 3583 454 3644 usquc
474 3563 548 3637 forte
569 3564 644 3623 clarc
660 3563 759 3623 audire
778 3562 826 3622 tibi
845 3562 954 3638 licebit,
982 3563 1076 3624 morbo
1100 3569 1296 3643 copatipsrroo

85 3658 225 3725 &opunte
240 3661 291 3714 cic.
684 3655 690 3661 ’

83 3755 303 3793 *—

146 3832 175 3899 *)
193 3836 248 3891 tiae
266 3839 502 3906 procrastinatione
519 3838 643 3906 baptismi
661 3838 730 3905 apud
742 3844 845 3889 veteres
858 3837 966 3903 ejusque
984 3836 1059 3888 rnodo
1084 3837 1200 3891 refutato
1215 3853 1297 3893 causa

85 3904 185 3955 emmor
199 3906 348 3973 Pontificii,
370 3909 403 3959 ad
424 3908 592 3960 evincendam
613 3908 756 3964 doctrinam
778 3908 809 3958 dc
829 3906 1003 3976 possibilitate
1024 3906 1173 3959 abolitionis
1193 3910 1297 3977 peccati

85 3970 210 4033 originalis
231 3979 257 4029 in
283 3978 333 4029 bae
357 3978 595 4040 vitaiubaesivac.
631 3977 727 4043 Ajuot,
754 3979 821 4028 hauc
845 3977 877 4027 oh
902 3976 1185 4044 ooosrn.topoismou
1206 3980 1296 4045 primis

87 4045 139 4099 l⁰⁶i
155 4040 184 4093 C.
207 4063 232 4098 u.
253 4063 323 4099 socc.
345 4048 465 4099 annuitis
484 4046 564 4097 inisse
584 4048 816 4112 procrastinatum,
846 4045 907 4112 quia
928 4044 983 4110 ejus
1004 4046 1119 4104 subsidio
1145 4062 1160 4097 a
1180 4049 1297 4113 peccatis

87 4107 210 4178 omuibus,
236 4117 260 4167 in
282 4117 371 4184 primis
390 4132 452 4167 vero
471 4117 592 4180 originali
612 4117 731 4167 universe
753 4116 862 4174 liberari
880 4115 1065 4182 speravisseut.
1103 4114 1296 4182 Respondemus

85 4183 143 4228 ‘tit
161 4180 190 4247 i)
209 4186 275 4236 hanc
293 4186 505 4237 consuetudinem
523 4201 606 4251 neque
626 4186 690 4236 adeo
709 4186 841 4252 antiquam
859 4200 933 4249 esse,
955 4189 984 4235 ut
1002 4185 1044 4235 hie
1062 4185 1190 4246 traditur,
1213 4199 1296 4250 neque

87 4239 176 4310 ⁸l¹l¹¹ld
194 4256 321 4320 probare,
350 4255 400 4306 nisi
418 4256 560 4321 legitimum
584 4255 664 4305 inisse
685 4262 924 4323 praesupponutur,
951 4254 1020 4319 quod
1037 4260 1064 4303 et
1081 4254 1130 4319 ipsi
1151 4252 1297 4306 adversarii

89 4322 185 4374 litati·
220 4325 249 4388 2)
270 4324 352 4376 Extra
373 4340 446 4376 onnus
472 4324 577 4386 dubium
595 4324 706 4391 positum
727 4331 783 4388 est,
807 4322 991 4378 adhueiuisse
1011 4322 1076 4373 nlius
1095 4321 1171 4388 hujus
1192 4337 1297 4388 procra-

91 4378 320 4460 stioottooisnnsas
337 4409 491 4460 causasque.
519 4392 549 4457 3)
566 4392 682 4461 Denique
701 4394 796 4444 inverti
814 4399 900 4462 potest
918 4398 1105 4457 argumentum.
1133 4389 1295 4456 Poueeuim,
1370 4450 1372 4454 ,

92 4445 147 4501 olom
169 4456 233 4511 hane
257 4464 423 4515 abolitionem
444 4462 605 4515 inhaesivam
624 4464 725 4531 peccati
745 4462 881 4526 originalis
899 4462 1019 4529 baptismi
1038 4460 1134 4528 auxiiip
1154 4460 1296 4528 impetran-

90 4512 144 4569 Μ
160 4528 312 4601 credituro,
340 4549 424 4600 nosue
440 4533 467 4587 id
484 4532 685 4586 maturationem
707 4532 829 4601 baptismi
846 4531 1022 4600 potiusquam
1035 4543 1132 4600 moram
1145 4529 1295 4586 effecisset?
