3067 5075
146 254 312 324 xxxviii.
355 256 432 337 leg.
448 256 576 321 Strauel
593 245 838 339 Καοηχαύμεναο
852 256 995 322 historice
1011 257 1187 341 descriptus.
1232 257 1296 322 111

77 441 188 495 tantum·
199 430 441 512 frequentissima
458 431 508 495 fiat
523 431 639 509 mentio,
662 433 714 494 sed
731 433 810 512 apud
827 452 883 495 non
899 454 1017 516 quoqne
1033 453 1149 510 nonen,
1169 431 1228 492 imo
1245 449 1295 492 res

76 520 153 603 ipsa,
182 519 304 582 mutatis
331 528 444 583 tantum
470 522 644 602 quibusdam
664 520 914 599 circumstantiis,
940 520 1117 598 retineatur,
1137 518 1238 600 placet
1262 516 1294 581 in

77 609 221 691 praesenti
249 606 452 689 eprimitirne
476 607 624 672 ecclesiae
650 608 787 685 historia,
813 629 889 690 quae
911 621 1041 673 ueterum
1060 608 1293 672 Christianorum

76 696 197 758 novitios
213 695 393 758 informandi
410 696 509 758 inerit.
523 699 691 773 methodus,
719 696 845 758 breviter
860 697 1028 777 explicare,
1053 698 1129 779 quod
1147 707 1178 757 ut
1194 716 1228 757 ce
1246 694 1294 757 di·

76 785 209 846 stinctius
226 783 290 861 liat,
314 786 479 865 praemissa
495 784 578 846 vocis
594 784 747 846 succincta
763 782 961 866 explicatione
977 775 1219 865 κακηχούμοοαο,
1235 804 1292 843 κα-

75 869 257 952 τηχοῦοτας,
274 860 447 953 κατήχησιν
462 874 557 953 ipsam
575 871 838 934 considerabimus.
867 907 904 920 ·-
940 874 969 958 ξ.
985 874 1016 935 3.
1038 872 1085 935 -Ui
1103 892 1120 933 n
1138 868 1292 933 rocalnlis

75 959 217 1020 indamus
234 958 362 1035 initium,
379 967 525 1040 κατηχοῖο
540 959 590 1020 καὶ
605 960 817 1041 κατηχεῖσθαα
833 960 999 1042 hujusmodi
1016 958 1130 1021 termini
1147 969 1225 1033 sunt,
1242 956 1293 1038 qui

75 1046 157 1108 latins
174 1065 407 1129 nonnunquam,
432 1047 503 1108 alibi
521 1069 590 1110 nero
609 1046 740 1109 strictius
765 1056 931 1111 snruuutnr.
967 1047 1052 1110 Prior
1066 1045 1245 1127 significatio
1262 1045 1292 1105 in

78 1134 107 1196 S.
122 1134 152 1196 S.
172 1135 306 1196 occurrit
320 1135 459 1214 saepius,
485 1138 601 1217 quando
618 1134 678 1211 itti,
703 1136 753 1216 qui
772 1157 811 1197 ex
827 1136 949 1198 alterius
972 1133 1113 1197 relatione
1130 1132 1294 1195 didicerunt

75 1221 228 1303 quicquam
249 1211 477 1303 κατηχούμεοοι
493 1231 645 1286 vocantur.
684 1224 726 1283 lta
740 1223 842 1285 Lucas
868 1222 1025 1306 aliquoties
1049 1223 1104 1283 hac
1129 1241 1292 1284 recensus

78 1317 133 1382 est,
149 1319 189 1371 'ut
214 1312 334 1390 qnando
359 1311 396 1370 de
414 1311 579 1393 Theophili»
604 1330 660 1373 suo
686 1308 781 1389 inquit
796 1311 849 1390 (l,
875 1313 922 1392 4.)
945 1313 1021 1392 quod
1040 1309 1086 1371 sui
1106 1308 1291 1389 potissimum

76 1397 165 1476 gratia
190 1397 342 1476 evangelii
367 1396 555 1478 scriptionem
579 1398 610 1459 in
635 1400 668 1459 se
694 1397 879 1478 susceperit,
906 1411 937 1459 ut
954 1419 1120 1478 cognoscas
1135 1400 1290 1459 nerinorum
1354 1420 1358 1424 ·

76 1486 218 1547 ueritatem
241 1482 319 1564 περὶ
343 1471 387 1544 nir
410 1477 609 1567 κατηχήθης.
647 1484 744 1567 Syrus
766 1486 911 1567 interpres
931 1487 1019 1548 labet
1042 1483 1233 1564 simpliciter:
1259 1484 1289 1547 in
1358 1492 1365 1501 “

76 1574 174 1652 quibus
195 1576 324 1634 ednotus
348 1571 448 1646 inisti;
474 1570 533 1636 nni
558 1574 634 1635 enim
659 1573 689 1632 in
713 1572 819 1653 lingua
843 1572 980 1654 originali
1000 1574 1113 1634 discere
1123 1570 1289 1651 'siguificat

76 1679 128 1721 nnn
145 1661 243 1721 habito
262 1671 401 1739 respectu
417 1662 456 1722 ad
472 1659 681 1723 accidentalem
698 1659 913 1724 informationis
930 1683 985 1724 seu
1007 1660 1158 1722 doctrinae
1175 1657 1289 1721 metho-

78 1749 147 1824 dma,
160 1746 380 1810 undeRalrtrini
391 1748 438 1808 in:
454 1742 546 1811 nerui
560 1766 633 1811 num
650 1766 705 1809 ann
721 1743 914 1830 esen-sepe
926 1768 958 1828 p:
969 1742 1062 1811 annin
1079 1763 1185 1815 :nanu
1201 1763 1288 1826 rpan
1385 1788 1388 1795 »

77 1846 157 1898 rursu
171 1829 264 1897 ierat
282 1853 356 1898 ensa
373 1852 428 1896 aaa
444 1829 508 1897 nni
525 1850 628 1915 cupre
644 1852 676 1912 pn
693 1829 799 1915 mains
822 1854 894 1912 pann
918 1854 955 1914 pr
971 1852 1069 1900 nurus
1091 1851 1181 1910 naam
1199 1849 1290 1899 nmen

77 1938 138 1997 :pus
154 1939 191 2000 pu·
206 1939 307 1985 nnuma
332 1927 387 1997 Qui
404 1926 486 2006 discit
501 1946 520 1984 n
537 1925 709 1999 iunioribus,
736 1929 781 1983 cei
796 1926 899 1984 ciuilis
913 1922 978 1984 ceti
1012 1929 1067 1998 Ei,
1084 1929 1132 2002 qai
1147 1924 1203 1985 edit
1218 1942 1289 1983 none

77 2013 242 2089 immutemus,
260 2020 288 2069 et
302 2012 369 2072 didit
383 2016 478 2072 ninom
493 2013 527 2071 de
542 2012 677 2075 torculari
690 2031 752 2082 sun,
768 2016 817 2089 qul
832 2032 895 2072 nero
911 2013 992 2072 discit
1007 2032 1026 2071 α
1040 2012 1211 2081 Senioribus,
1227 2015 1288 2070 ααὶ·

79 2115 137 2155 nono
151 2101 253 2159 sterilis
271 2097 335 2158 eet?
367 2105 412 2173 Et,
430 2104 477 2178 qui
493 2101 549 2159 edit
564 2119 635 2159 unns
650 2107 782 2158 matures
795 2107 820 2158 et
837 2100 903 2159 lilii
921 2105 1016 2160 ninum
1031 2108 1117 2160 naus.
1151 2095 1288 2158 Occurrit

77 2183 167 2244 eadem
185 2206 241 2246 vox
261 2185 328 2248 Act.
346 2182 397 2262 18,
416 2188 467 2248 25.
492 2186 661 2266 querende
676 2185 788 2246 Judaeo
806 2188 942 2287 quodem,
967 2185 1017 2266 qui
1035 2182 1141 2266 Apollo
1158 2187 1288 2245 rocula·

78 2276 126 2347 tur,
138 2272 249 2350 dicitnr,
268 2275 344 2352 qnod
357 2271 683 2354 lueritsorqpovpre'roo
699 2263 758 2351 τὴν
775 2267 849 2333 ὁδον
865 2271 1065 2352 noriKuptov,
1084 2271 1150 2335 item
1161 2274 1222 2334 Art.
1233 2268 1286 2345 21,

78 2358 122 2417 21.
144 2360 326 2439 generaliter
350 2363 386 2423 de
409 2382 526 2422 minore
549 2361 579 2422 in
600 2360 710 2439 vulgus
728 2379 836 2441 sparso
860 2364 1035 2441 usurpatur,
1060 2362 1176 2441 quando
1200 2357 1287 2421 Pauli

76 2442 170 2507 iratres
185 2449 330 2529 ajelrantt
355 2441 588 2529 κατηχήθησαν
609 2446 680 2527 περὶ
699 2467 757 2508 σου
781 2434 831 2509 lire
847 2442 1043 2529 ἀποστασίαν
1057 2438 1213 2518 διδάσκεις
1230 2458 1286 2511 etc.

76 2535 144 2611 qnod
161 2539 307 2618 repetitur
323 2559 351 2599 r.
366 2535 430 2614 24,
454 2538 561 2618 Neque
581 2539 659 2617 apud
676 2538 788 2599 Lucam
806 2546 932 2613 tantum,
956 2538 1008 2600 sed
1026 2535 1149 2599 Paulum
1167 2555 1285 2617 quoquc

79 2623 168 2684 eodem
194 2643 296 2687 sensu
322 2647 379 2687 nox
402 2622 634 2704 aorrppoupe'rov
659 2624 803 2703 occurrit,
818 2628 945 2708 'quando
970 2625 1124 2705 apostolus
1141 2625 1285 2688 ledaeum

78 2707 205 2774 inscribit
219 2714 310 2776 llum.
327 2711 359 2790 2,
381 2714 517 2774 17-18.
560 2711 664 2793 Neque
681 2712 757 2791 alia,
783 2734 869 2794 quam
888 2711 1038 2792 generalis
1055 2712 1137 2776 noeis
1152 2710 1285 2791 arreptis

80 2804 130 2871 etl,
153 2806 269 2880 quando
295 2799 361 2863 Gal.
379 2797 409 2876 d,
426 2801 474 2876 u,
500 2800 653 2880 apostolus
676 2811 791 2876 monet,
818 2809 850 2863 nt
872 2789 1103 2882 κατηχούμενος
1119 2788 1175 2860 τόν
1193 2791 1285 2880 io'yor

79 2890 261 2952 eommunicet
276 2886 322 2966 τῷ
336 2885 525 2968 κατηχοῦντι
540 2884 574 2946 ἐκ
587 2883 685 2947 πᾶσιν
702 2882 848 2969 ἀγαθοῖς.
875 2888 958 2964 lteur,
975 2892 1089 2968 quaudo
1109 2891 1123 2950 l
1144 2887 1212 2950 Cor.
1233 2883 1283 2964 14,

82 2971 123 3033 11.
139 2972 247 3056 inquit,
275 2974 391 3037 nauem
409 2976 537 3055 quinque
552 2974 646 3066 verns,
659 2994 752 3037 senso
768 2993 833 3037 meo
851 2976 948 3056 loqui,
972 2996 1060 3055 quarn
1078 2978 1177 3038 enen
1194 2973 1285 3037 millis

79 3060 219 3125 seriorum
237 3066 269 3128 in
286 3059 391 3142 lingua
406 3062 459 3123 ἵνα
475 3058 527 3121 καὶ
546 3054 660 3131 ἄλλους
676 3055 852 3143 κατηχήσω.
871 3095 910 3110 —·
930 3064 959 3146 ᾗ.
973 3064 1006 3126 4.
1027 3064 1096 3126 Utnt
1112 3073 1208 3128 auteur
1227 3083 1285 3126 rex

79 3149 265 3214 sentement
285 3172 351 3212 eum
368 3149 536 3231 conjugatis
553 3148 583 3210 in
601 3148 756 3229 Scriptura
774 3151 807 3213 S.
824 3149 997 3231 generalius
1013 3150 1109 3232 arripi
1126 3149 1236 3226 solent,
1253 3148 1283 3211 iu

78 3248 127 3292 eru
141 3245 234 3301 tamen
251 3235 455 3303 ecclesiastico
472 3236 649 3300 strictiorem
666 3238 807 3300 ambitum
823 3239 953 3328 ejusdem
976 3237 1162 3319 significatus
1186 3238 1283 3303 iubet.

78 3316 312 3404 Κατηχούμεοοο
328 3326 405 3389 enirn
422 3325 453 3386 iu
469 3324 614 3407 primitiva
630 3324 756 3389 ecelesia
774 3330 943 3403 vocabatur,
961 3328 1011 3408 qui
1029 3327 1122 3408 prima
1138 3325 1283 3400 elementa

77 3400 136 3467 fidei
151 3411 337 3477 Christianae
362 3413 550 3490 addiscebat,
574 3425 679 3475 nactus
701 3413 732 3475 in
756 3414 842 3476 Latio
867 3415 926 3477 alia
948 3414 1072 3496 insuper
1093 3413 1281 3495 cognomina,

77 3496 224 3562 uocabatur
248 3502 325 3565 enim
342 3505 460 3564 rediens
476 3501 558 3576 iden,
583 3503 659 3581 quod
678 3500 861 3565 auscultaret
883 3504 920 3564 ad
939 3522 990 3577 ea,
1014 3522 1090 3583 quse
1115 3505 1281 3564 catechetae

76 3574 126 3655 llll
140 3596 348 3668 proponerent,
368 3611 425 3672 quo
441 3601 533 3651 seusu
549 3586 756 3652 Tertullianus
772 3591 821 3670 (de
840 3587 939 3670 poenit
955 3590 1001 3667 6.)
1017 3589 1127 3671 inquit:
1155 3592 1281 3649 Audien-
1396 3662 1401 3669 Ι

77 3671 216 3774 ”lentare
230 3685 422 3741 intinctionem
444 3699 501 3739 non
523 3673 701 3757 personuere
715 3688 829 3756 eporrtet.
870 3682 926 3752 eor
940 3683 1013 3757 enim
1029 3688 1123 3757 optut,
1150 3679 1281 3753 lonnrnt,

78 3772 119 3828 pur
131 3774 302 3841 premonet,
318 3769 440 3846 superbit
446 3790 457 3841 ,·
478 3771 507 3826 ia
525 3768 574 3825 illo
589 3767 771 3837 uerecundia,
793 3771 823 3827 tn
838 3770 893 3828 isto
908 3768 1065 3844 petulantie
1082 3775 1209 3845 apparet,
1234 3767 1282 3825 ille
1362 3815 1370 3828 .

77 3850 179 3923 wlnpit,
195 3853 239 3914 iric
255 3856 376 3932 nepltpit,
392 3856 441 3915 ille
455 3860 554 3914 merear·
570 3858 653 3933 cupit,
672 3856 807 3914 allicurt
824 3855 941 3915 debiturn
958 3856 1012 3915 sili
1027 3860 1193 3935 repromittit
1202 3876 1222 3938 ςἸ
1235 3855 1281 3918 ille
1384 3893 1389 3902 ·
1423 3929 1429 3942 ι

76 3936 159 4031 'lillis
183 3940 226 4000 irio
241 3945 360 4003 incedit.
403 3945 489 4016 Quem
503 3961 616 4002 censens
632 3944 793 4020 digniorem,
819 3947 875 4006 nisi
890 3944 1110 4018 meeadntinrenr,
1128 3947 1185 4004 nisi
1202 3946 1280 4003 timi-

77 4011 185 4111 lieren,
207 4039 233 4088 et
257 4032 285 4090 id
308 4034 380 4091 circo
401 4050 467 4091 nero
482 4034 649 4109 poenitentia
671 4031 798 4105 functum
813 4041 862 4091 ele.
902 4029 1116 4111 Nonnunquam
1133 4050 1204 4092 rere
1221 4050 1280 4091 au-

77 4096 204 4208 Ntnllum
220 4135 278 4179 rox
294 4115 426 4178 strictius
442 4117 575 4192 sumitur,
592 4126 623 4176 ut
639 4137 691 4179 eos
708 4127 796 4193 notet,
812 4116 861 4199 qui
879 4120 915 4178 ad
932 4116 1058 4180 intimam
1072 4118 1198 4182 classem
1215 4116 1281 4177 dis·

79 4199 191 4291 ‘Nilum
207 4200 439 4266 christianornm
456 4204 650 4283 pertinebant,
673 4226 730 4285 quo
748 4225 840 4267 sensu
856 4227 880 4267 a.
891 4206 1108 4270 cotecirumenis
1125 4206 1280 4282 audientes

78 4271 273 4362 darrngnnrm.
295 4297 338 4355 lta
355 4291 432 4354 enim
449 4292 479 4351 in
497 4290 632 4355 Concilio
649 4293 715 4355 Nic.
729 4296 756 4357 1.
775 4314 840 4356 can.
859 4293 909 4358 14.
927 4294 1111 4356 decernitur:
1130 4287 1280 4369 περὶτῶν

80 4373 300 4453 {Praenestino
323 4375 376 4441 καὶ
398 4370 641 4462 reponendarum
659 4374 747 4452 ἔδοξε
772 4378 812 4482 ep}
835 4375 906 4463 ἁγίᾳ
929 4380 978 4444 καὶ
999 4369 1117 4467 μεχοὶλη
1140 4368 1277 4458 συνόδῳ,

79 4462 147 4511 ⁰³⁰²*
168 4459 265 4544 emnia
282 4465 362 4531 e'rein
382 4454 500 4538 nicorio
524 4460 738 4551 οἶκοοααέκοοο
759 4488 874 4548 μονον,
897 4456 979 4549 perd
1001 4465 1102 4534 ταῦτα
1126 4456 1281 4549 εὔχεσθαι
