3067 5075
413 297 449 358 de
466 302 595 362 veterum
614 296 847 418 Christianorum
864 297 980 381 agapis.
1134 374 1139 380 ⁸
1241 293 1306 361 201

98 474 186 536 luisse
200 490 320 549 morem,
343 481 381 550 ut,
402 473 489 534 sicuti
505 492 679 558 synagogae
695 472 858 556 praepositi
876 472 1058 552 singularem
1075 493 1175 537 euram
1192 495 1308 557 paupe-

98 584 154 624 rum
171 573 198 623 et
213 562 391 642 pupillorum
407 561 559 638 haberent,
579 562 619 624 ita
636 582 752 644 quoque
771 561 946 643 praepositis
962 563 993 622 ia
1012 563 1149 624 ecelesiis
1166 563 1307 626 christia·

98 651 138 711 nis
152 652 226 710 idem
246 649 373 711 officium
389 650 553 731 injunctum
570 650 668 726 fuerit,
687 653 763 732 quod
782 650 956 717 clarissimis
972 651 1071 713 verbis
1089 652 1197 713 latetur
1212 652 1307 714 lusti-

98 759 147 800 nus
163 738 333 818 Martpr.*).
371 738 478 804 Verum
502 759 538 801 an
552 759 719 820 ,agaparum
737 738 822 819 origo
838 739 906 800 inde
925 748 1005 801 reete
1022 741 1194 819 deducatur,
1213 742 1306 803 rebe·

98 832 199 887 menter
215 822 393 889 dubitamus.

173 913 302 975 Primum
320 934 436 994 agapae
452 921 578 975 veterum
598 912 835 978 Christianorum
853 912 986 977 convivia
1002 913 1122 975 luerunt
1138 924 1250 991 sancta
1274 916 1306 978 la

98 1001 233 1064 cominuni
257 1003 491 1064 succumbentium
517 1013 603 1063 coetu
624 1001 726 1063 haberi
751 1000 856 1081 solita,
882 1002 990 1083 quibus
1007 1004 1153 1064 interesse
1169 1003 1306 1066 omnibus

97 1084 203 1166 licebat,
223 1089 273 1169 qui
292 1089 376 1150 fidem
395 1091 424 1151 in
443 1089 591 1151 Christum
609 1088 827 1170 profitebantur,
853 1112 908 1150 non
927 1090 1022 1151 solum
1040 1088 1239 1177 pauperibus,
1251 1094 1305 1153 sed

98 1177 224 1238 divitibus
243 1177 340 1254 etiam,
358 1187 389 1239 nt
405 1187 443 1242 ex
461 1180 474 1239 l
491 1178 560 1240 Gor.
579 1178 630 1254 ll,
653 1180 690 1238 19
706 1198 749 1240 ss.
765 1177 930 1239 luculenter
947 1187 1086 1259 apparet;
1111 1187 1140 1240 at
1156 1178 1186 1238 in
1202 1178 1306 1241 distri-

99 1265 205 1326 butione
223 1264 439 1342 alimentorum,
467 1286 542 1345 qnae
560 1266 739 1345 pauperihus
757 1268 982 1345 praebebantur,
1008 1266 1084 1327 etin
1103 1263 1209 1346 epulis,
1229 1288 1305 1348 qnae

97 1354 228 1433 hospitum
246 1365 276 1414 ct
293 1353 542 1433 peregrinantium
566 1373 658 1414 eausa
674 1353 919 1428 instituebantur,
942 1353 1130 1433 indigentes,
1155 1353 1260 1437 inopes
1277 1365 1306 1420 et

97 1441 170 1520 egeni
188 1444 332 1503 duntaxat
348 1440 592 1519 admittebantur,
620 1442 669 1521 qui
687 1440 805 1502 aliunde
823 1441 929 1507 rictum
947 1440 1003 1501 sibi
1022 1461 1127 1521 parare
1143 1462 1201 1517 nou
1218 1454 1304 1522 pote-

96 1540 159 1590 raut.
196 1528 254 1607 Qui
283 1541 314 1589 ut
332 1528 387 1589 soli
413 1539 601 1603 vocarentur,
628 1528 731 1590 sedulo
750 1530 872 1592 carebat
895 1528 1053 1611 eeclesia..
1071 1528 1304 1593 cremerensi

94 1614 178 1698 hymn.
195 1618 225 1680 2,
244 1618 285 1676 de
304 1635 385 1696 pass.
403 1618 543 1680 Laurent.
562 1637 587 1678 r.
607 1608 667 1679 158
685 1636 727 1678 ss.
1018 1626 1021 1631 '

169 1704 286 1765 hande
316 1705 392 1765 haec
423 1705 556 1766 subsidia
580 1707 616 1765 ad
647 1705 856 1766 sustentandos
881 1713 909 1765 et
932 1703 1132 1767 sublevandos
1157 1717 1304 1786 pauperes

97 1791 210 1871 quotidie
227 1794 464 1872 praebebantur,
488 1793 556 1872 quia
574 1792 701 1872 quotidie
722 1792 758 1853 iis
777 1812 852 1871 opus
871 1798 950 1871 erat,
977 1812 1150 1873 semperque
1169 1796 1303 1872 aderaut,

98 1878 191 1958 quibus
206 1879 367 1941 subuenire
384 1883 509 1941 debebat
526 1878 661 1941 eeclesia.
701 1879 760 1941 Sed
778 1877 859 1939 nullo
885 1882 969 1949 modo
986 1880 1179 1941 demonstrari
1198 1893 1303 1961 potest,

97 1965 268 2029 christiannos
288 1971 325 2029 ad
344 1969 517 2048 capiendum
534 1968 847 2048 oibdmpromiscuum
872 1974 901 2027 et
918 1966 1070 2028 innoxium
1090 1968 1220 2049 quotidie
1237 1969 1303 2031 eoi-

98 2053 180 2126 risse,
205 2056 379 2135 praesertim
407 2076 472 2117 eum
491 2055 605 2116 Plinius
631 2056 660 2115 in
684 2055 838 2116 notissima
862 2053 915 2116 illa
940 2057 975 2115 ad
996 2055 1159 2136 Traianum
1178 2056 1304 2138 epistola

98 2141 152 2222 (10,
169 2145 232 2222 97.)
250 2141 387 2220 affirmet,
406 2153 482 2204 stato
501 2145 547 2203 die
565 2146 637 2204 baec
656 2143 789 2205 convivia
806 2145 947 2203 adornata
963 2142 1071 2205 luisse.

169 2231 246 2291 'lum
266 2232 355 2292 etiam
372 2252 534 2311 agaparum
550 2230 809 2293 celebratio-aliter
821 2242 988 2310 comparata
1006 2241 1076 2307 erat,
1095 2250 1180 2312 quam
1197 2229 1302 2312 hospi·

98 2323 146 2377 tnm
163 2320 350 2381 striatarum
369 2320 445 2399 apnd
463 2320 591 2380 ludaeos
611 2320 749 2400 receptio.
789 2319 967 2381 ludaeorum
992 2319 1068 2380 enim
1092 2321 1128 2380 ad
1154 2340 1301 2400 pauperes

97 2404 281 2468 sublevandos
309 2405 414 2487 epulae
433 2428 601 2469 communes
625 2407 743 2469 luerunt
768 2417 796 2467 et
820 2404 968 2485 vulgares
984 2407 1161 2488 minimeque
1178 2427 1302 2486 sarrae3

97 2500 120 2552 at
134 2492 218 2575 longe
232 2495 382 2557 diversum
408 2506 471 2557 erat
487 2516 647 2577 agaparum
665 2495 828 2558 institutum
846 2497 924 2576 apud
940 2490 1135 2559 Christianos.
1176 2495 1300 2558 Sacrum

97 2591 148 2641 erat
163 2591 189 2644 et
204 2586 240 2645 ab
256 2603 320 2644 usu
336 2584 457 2664 prolana
480 2586 671 2658 abhorrebat,
696 2594 846 2663 receptum
870 2586 906 2645 ad
931 2603 1058 2655 amorem
1076 2593 1207 2645 mutuum
1223 2585 1301 2646 inter

96 2665 265 2744 Christianos
284 2674 523 2734 commovendum
542 2683 570 2733 et
587 2671 825 2734 confirmandum.
855 2669 1013 2734 Praeterea
1030 2692 1143 2753 agapae
1161 2691 1301 2753 praeser-

97 2754 136 2816 tim
150 2758 177 2818 in
200 2759 370 2822 memoriam
388 2760 536 2840 passionis
557 2770 584 2821 et
610 2760 836 2823 resurrectionis
853 2761 924 2820 lesu
940 2760 1301 2822 Christiiustituebantur

96 2851 118 2903 et
129 2850 312 2928 sequebatur,
329 2857 465 2929 tanquam
483 2868 584 2909 mensa
598 2851 737 2922 secunda,
755 2847 942 2932 eucharistia.
1055 2871 1058 2878 ·

169 2936 282 3016 Agapis
300 2937 426 3015 denique
446 2936 630 2997 celebrandis
647 2936 792 2997 interesse
810 2956 867 2994 oon
885 2934 980 2996 cnivis
998 2933 1100 2997 viatori
1118 2941 1147 2995 et
1163 2934 1300 3016 peregri-

97 3021 162 3081 nanti
179 3014 356 3103 permissum
375 3034 446 3086 erat.
477 3023 690 3086 admittebatur
708 3023 783 3084 enim
802 3044 896 3097 nemo,
914 3021 981 3098 uisi,
999 3021 1049 3102 qui
1067 3042 1099 3083 se
1116 3022 1211 3102 ipsum
1228 3043 1300 3103 pro·

97 3106 154 3169 bare
170 3122 291 3190 poterat.
328 3111 513 3192 Pauperibus
531 3120 644 3186 autem,
670 3111 767 3172 viduis
786 3120 814 3172 et
837 3109 1094 3191 peregrinantibus
1109 3109 1301 3191 peculiariter

95 3198 275 3261 subveniebat
293 3197 430 3261 ecclesia.
448 3202 464 3262 l
485 3199 614 3261 Timoth.
631 3196 662 3276 5,
683 3201 731 3260 16.
772 3198 868 3260 Plane
884 3198 975 3278 igitur
993 3198 1128 3259 diversae
1144 3208 1227 3260 erant
1243 3199 1299 3262 hac

95 3281 254 3349 ludaeorum
273 3289 311 3347 ad
330 3290 537 3349 sustentandos
554 3308 700 3369 pauperes
718 3286 829 3367 epulae
847 3286 978 3363 abillis,
1005 3289 1040 3348 de
1058 3287 1165 3367 quibus
1181 3286 1299 3350 Plinius

96 3371 159 3448 agit:
189 3375 257 3451 Qua
278 3377 314 3436 de
339 3395 370 3436 re
396 3376 512 3436 omnino
530 3376 719 3437 conferantur
735 3375 875 3457 Cypriani
895 3396 940 3455 ep.
957 3375 987 3438 2.
1006 3397 1033 3460 p.
1050 3375 1081 3435 4.
1097 3374 1298 3456 chrysostomi

96 3455 180 3521 homil.
196 3462 247 3525 27.
265 3462 298 3522 in
319 3465 333 3523 l
353 3463 422 3526 Cor.
443 3466 493 3525 ll.
517 3498 561 3509 —
588 3464 672 3542 Quae
690 3484 753 3524 oum
773 3463 814 3524 ita
831 3462 903 3538 sint,
929 3462 987 3523 alia
1003 3464 1172 3537 quaerenda
1188 3472 1235 3536 est
1250 3463 1299 3526 ria

96 3547 208 3623 apertior
226 3561 254 3612 et
274 3550 396 3626 rectior,
423 3572 481 3633 qua
497 3572 515 3612 a
531 3552 666 3626 ludaeis,
692 3572 815 3631 quorum
839 3548 972 3611 instituta
996 3546 1120 3630 plurima
1138 3548 1298 3624 Christiani

96 3640 195 3697 reterre
210 3637 314 3699 imitati
331 3649 409 3717 sunt,
429 3659 544 3721 agapae
560 3639 591 3700 in
608 3638 762 3701 eeclesiam
781 3633 969 3715 immigrasse
992 3636 1175 3717 probabilius
1192 3636 1298 3698 dicaa-

95 3725 141 3780 btt-
176 3723 260 3786 Hanc
285 3726 360 3788 riam
386 3735 566 3789 monstrasse
591 3727 677 3789 nobis
701 3727 816 3788 videtur
832 3727 922 3805 lingo
947 3724 1137 3806 Grotius**),
1162 3723 1212 3805 qui
1236 3724 1297 3787 ita:

97 3803 173 3880 „llos
188 3824 248 3876 erat
256 3814 411 3892 Hebraeis,
430 3816 477 3896 qni
496 3825 524 3877 et
540 3837 617 3877 nune
633 3824 731 3878 manet
744 3813 828 3876 lestis
845 3812 960 3892 diebus,
978 3831 1054 3894 quos
1071 3814 1164 3874 bones
1178 3821 1296 3891 uocant,

95 3909 186 3959 roeare
210 3904 248 3961 ad
266 3903 385 3964 eo'enam
405 3903 603 3984 propinquos,
618 3902 742 3965 'ricinos
766 3912 818 3964 aut
840 3901 950 3963 amicos
968 3920 1058 3981 supra
1075 3904 1195 3980 decern,
1219 3901 1298 3965 intra

36 4033 38 4036 ,
96 3978 195 4065 uiginti,
212 4009 288 4070 quae
306 4001 372 4052 erat
382 3990 463 4073 justa
481 3990 622 4054 sodalitas
638 3992 700 4054 sire
713 3980 858 4076 φρατριὰ,
875 3999 1040 4090 exponente
1056 3991 1193 4072 Josepbo.
1217 3989 1297 4053 Goe-

100 4107 317 4133 ““-----

87 4160 90 4170 ⁴
132 4171 179 4250 sl
197 4175 303 4244 ᾸΡῡῐοει
322 4180 349 4235 2·
375 4196 401 4247 p.
422 4180 466 4232 99.
492 4180 534 4231 ed.
555 4178 645 4230 Calon.
685 4178 739 4230 Kal
764 4175 795 4231 τὸ
821 4172 1026 4247 ουλλεγόμειιον
1048 4172 1126 4243 παρὰ
1150 4173 1187 4241 τῷ
1214 4189 1297 4243 nco&

95 4243 167 4316 αξιοι
181 4239 344 4327 dsp'ortderoe
362 4248 410 4299 cul
428 4244 512 4307 αὐτὸς
529 4246 672 4315 ἐπικουρεῖ
688 4245 825 4317 ὀρφανοῖς
844 4247 877 4300 δὲ
896 4248 943 4298 sol
964 4242 1076 4316 χήραις,
1087 4245 1148 4330 τκιὰ
1167 4246 1224 4302 τοῖς
1245 4242 1295 4329 διὰ

97 4313 187 4375 rodes,
209 4312 277 4374 nde’
302 4312 390 4382 aaran
408 4319 501 4370 atrab
518 4318 708 4386 λειπομένοις,
732 4318 780 4369 καὶ
800 4321 856 4377 τοῖς
875 4315 907 4370 lu
933 4315 1143 4386 despota-onor,
1168 4313 1217 4370 nul
1239 4330 1297 4382 porc

97 4375 286 4505 pampinum
313 4374 375 4442 οὖσι
401 4388 503 4451 ξένοις,
531 4386 578 4440 καὶ
604 4381 699 4452 ἁπλῶς
724 4387 796 4444 πᾶσι
821 4389 878 4446 τοῖς
906 4385 938 4439 ἐν
961 4389 1043 4467 χροίᾳ
1072 4373 1135 4437 οὖσι
1165 4379 1296 4460 κηδεμὼν

156 4514 201 4585 **)
218 4520 256 4575 lte
273 4537 369 4606 scenae
389 4526 627 4581 administrabunt
646 4532 765 4596 pastores
786 4542 835 4578 neu
854 4532 923 4578 eune.
942 4539 970 4593 p.
988 4525 1033 4581 22.
