3067 5075
305 293 341 352 de
357 288 415 353 ritu
431 285 624 372 sepeliendi
611 294 742 378 mortuos
759 306 808 370 ep.
824 293 892 369 velt.
908 284 1103 372 Qbrietiauns.
1246 284 1311 377 ddi?

88 435 199 550 esibus
226 466 373 533 llemasus
397 486 475 547 papa
502 486 602 530 corum
633 463 773 547 sepulcra
796 462 960 530 exeruerit„
999 461 1192 546 Reliquorum
1225 459 1312 545 etiem

88 555 241 623 boninum
258 553 405 635 sepulcris
420 554 568 649 epitaphia
584 554 769 633 addiderunt,
786 575 909 639 quorum
926 552 1048 631 infinite,
1064 562 1217 633 pensante
1231 540 1312 617 mille

87 663 188 707 annos
210 654 330 745 erecte,
351 636 506 705 rideatur
504 664 555 722 per
573 643 655 705 urbis
674 644 787 706 Peoruee
806 641 999 721 ecclesiarum
1024 640 1201 723 perimente.
1236 640 1312 705 Nem

87 733 149 808 leis,
166 730 219 813 qui
236 734 273 793 de
291 729 444 813 republica
461 729 622 794 christiana
639 728 714 794 bene
732 724 825 793 meriti
843 740 934 803 aroer,
954 728 1101 812 epitupbia
1120 728 1188 791 eddi
1202 728 1312 806 solere,

88 830 120 885 et
142 818 326 900 sepulerum,
349 828 552 897 monumento,
579 817 738 900 titulosque
762 826 873 883 statute
895 818 1029 893 luisses
1052 815 1245 895 Christianis,
1271 815 1314 880 ιιι

87 906 207 971 Paulus
230 905 383 971 meones
408 909 487 990 (bist.
505 908 629 987 Leapob.
652 905 683 986 3,
703 904 760 990 9.).
801 907 873 969 Ριιι
891 925 993 987 meere
1010 903 1186 971 Christianis
1204 906 1313 983 dotare,

88 993 201 1061 nsltde
217 1016 255 1057 ex
280 994 422 1074 imperito«
437 993 526 1074 uulgo
544 994 575 1059 iu
593 995 778 1059 coemeteriis
805 993 960 1057 luxuriose
985 992 1114 1070 bibisse,
1139 991 1198 1055 imo
1223 991 1313 1055 etium

87 1083 165 1164 ipsis
184 1082 379 1145 cadaueribus
395 1080 542 1145 exbibitas
561 1080 674 1164 epulus,
693 1092 793 1145 notum
812 1092 857 1145 est
870 1081 956 1155 sotis.
989 1081 1074 1159 Quas
1090 1080 1266 1145 voracitates
1284 1091 1313 1147 et

87 1170 248 1237 ebrietates
265 1169 440 1252 perindeae
462 1169 622 1252 religiosas
642 1172 758 1233 liabitas
785 1170 892 1235 diserte
907 1169 1099 1254 Augustinus
1123 1170 1313 1251 reprehendit

86 1261 145 1335 (de
168 1261 265 1326 morib.
288 1260 352 1321 eorl.
374 1256 403 1337 1,
423 1259 475 1320 34.
499 1274 528 1320 ιι
546 1281 609 1341 epp.
633 1260 685 1322 de
709 1261 747 1320 ud
770 1263 917 1322 Aurelium
933 1261 1178 1339 Cartbupieaeeem
1202 1257 1312 1339 epioe),

87 1347 144 1410 nbi
161 1346 202 1409 ita
217 1347 272 1409 ait:
289 1346 581 1424 „commessationes
599 1357 626 1409 et
643 1346 800 1410 ebrietates
816 1346 857 1410 ita
875 1364 1038 1410 caucaseae
1052 1356 1080 1408 et
1091 1342 1189 1411 licitur
1203 1357 1313 1428 putan—
1373 1361 1381 1367 ·

87 1447 156 1510 ιιιι,
178 1445 209 1497 ιιι
226 1432 258 1497 ia
275 1432 417 1497 bonorem
434 1432 522 1497 etiem
540 1433 776 1499 beatissimorum
793 1443 960 1517 martyrum,
984 1454 1043 1495 non
1061 1430 1156 1496 solum
1176 1454 1229 1515 per
1247 1432 1328 1501 dies,

87 1520 264 1599 sollemnes,
279 1524 333 1585 sed
350 1521 436 1587 eliam
452 1523 582 1602 quotidie
599 1523 793 1587 celebrentur.
825 1521 970 1585 Arceotur
984 1520 1076 1603 igitur
1092 1531 1203 1584 ιιιιιιιιιιι
1220 1523 1312 1584 dede·

86 1632 144 1679 rus
164 1613 200 1673 de
220 1622 390 1683 sanctornm
413 1631 568 1692 corporum
580 1608 754 1693 sepulcris,
775 1614 811 1673 de
830 1608 906 1673 locis
924 1631 1093 1687 sacrorum,
1118 1610 1154 1672 de
1174 1606 1311 1673 domibus

88 1699 287 1771 ‚ucetiensisfl
318 1698 425 1773 Addit:
445 1720 541 1776 „enno
559 1701 685 1762 abusum
700 1698 730 1760 in
747 1697 836 1762 ltalia
852 1707 880 1762 et
898 1696 967 1761 eliis
985 1695 1144 1781 provinciis
1164 1707 1215 1760 aut
1230 1719 1312 1761 uun·

87 1809 180 1871 quern
203 1787 306 1863 luisse,
326 1797 378 1849 aot
396 1797 541 1864 exortum,
565 1786 772 1889 episcoporum
797 1786 952 1869 diligentia
970 1781 1119 1849 sublatum
1139 1790 1237 1853 esse.“
1273 1786 1313 1850 leo

87 1876 208 1978 paullo
211 1874 332 1951 iniret,
336 1874 416 1954 ,Sed
433 1874 572 1955 queniam
591 1875 667 1937 istae
684 1873 715 1936 ia
735 1871 917 1937 coemeteriis
936 1872 1092 1941 ebrietates
1111 1883 1140 1937 et
1156 1862 1313 1939 luxuriose

88 1961 228 2039 eserieie
252 1980 310 2033 non
330 1961 427 2025 solum
445 1960 574 2027 bonores
596 1974 752 2045 martyrum
770 1983 789 2024 u
804 1960 918 2025 corneli
935 1971 962 2023 et
977 1960 1113 2041 imperita
1128 1961 1214 2043 plebe
1231 1964 1311 2025 credi

35 2048 41 2057 “
85 2052 266 2130 soleotssd
285 2049 692 2121 etiamsolatiuunsrtuorum
710 2049 797 2115 mibi:
814 2042 1142 2113 ridetnrloeiliosillis
1161 2049 1312 2117 diseederi

23 2143 28 2146 ’
87 2161 179 2222 pesse
196 2139 283 2203 istem
297 2136 466 2212 foeditatum
483 2158 521 2200 ιιι
538 2136 757 2220 turpitudinem,
772 2135 800 2201 si
818 2136 904 2200 etiam
921 2138 957 2200 dn
976 2136 1132 2218 seripturis
1150 2134 1312 2219 probibea-

88 2238 147 2305 tec,
167 2237 196 2289 et
212 2223 377 2290 oblationes
394 2244 445 2306 pro
462 2225 614 2307 spiritibus
629 2225 845 2302 dormientium,
862 2246 937 2308 quas
954 2246 1022 2289 rere
1039 2222 1151 2307 uliquid
1171 2224 1312 2308 adjurare
1341 2274 1349 2293 .

88 2316 268 2387 eredendum
285 2324 339 2392 cst,
353 2333 447 2394 emper
462 2313 546 2396 ipsas
563 2313 718 2382 memorius
735 2335 795 2379 non
806 2314 1058 2390 sintsnmtuosoe,
1074 2326 1161 2396 atque
1174 2310 1311 2377 omnibns

88 2403 271 2484 peteadbus
283 2401 348 2464 sine
365 2402 452 2483 tppbn
470 2410 499 2465 et
517 2423 583 2467 curn
605 2401 760 2466 alacritate
777 2404 975 2485 praebeantur
997 2422 1095 2484 oeque
1116 2401 1311 2468 vendantur.⁴‘

87 2492 312 2595 Leepoburdos
328 2489 538 2556 Christianos
528 2512 568 2553 ιι
576 2490 653 2556 locis
670 2492 873 2556 defunctorum
892 2493 991 2556 trebes
1008 2490 1152 2571 erexisse,
1176 2501 1208 2555 nt
1226 2491 1311 2576 qnis-

87 2602 147 2663 que
164 2580 265 2656 ιιιιιι,
284 2601 342 2662 que
361 2578 392 2641 in
411 2577 477 2653 leco
493 2580 541 2642 sui
555 2580 698 2661 procreat,
714 2592 818 2643 auctor
835 2590 882 2643 est
899 2579 1011 2643 Paulus
1023 2578 1176 2643 Diueonus
1194 2583 1242 2663 (de
1255 2583 1311 2650 reb.

85 2674 174 2749 pretio
184 2670 394 2747 Loupoburdor
402 2664 520 2748 513..)
548 2668 722 2749 Sepulturas
738 2666 827 2731 rendi
841 2667 996 2731 etlaicos
987 2688 1018 2728 ru
1028 2665 1168 2731 ecclesiis
1179 2666 1312 2750 sepeliri,

87 2766 172 2826 rebat
184 2753 325 2837 Spondeo
344 2754 550 2832 'friburionsis
574 2780 637 2838 cop.
656 2759 705 2832 15,
728 2756 908 2820 Hinemurus
924 2755 1029 2819 libem.
1050 2754 1157 2836 spise,
1181 2776 1236 2817 ¹eor
1252 2777 1314 2820 non

87 2843 150 2912 siet
167 2844 319 2906 resdeude
336 2842 476 2923 sepulcra,
501 2842 582 2905 addit
604 2844 763 2907 rationem:
793 2846 902 2926 „quod
926 2839 964 2908 sit
988 2853 1065 2906 terre
1089 2840 1142 2906 illo
1165 2864 1313 2909 concessa

87 2929 250 3013 putredini,
268 2939 370 2996 utnon
387 2932 491 3008 decret
507 2933 542 3004 de
557 2931 655 3010 abero
671 2932 755 2995 luctu
774 2932 873 2996 lucere
889 2929 1095 3017 compendium
1114 2934 1158 3015 (in
1177 2939 1258 3020 epist.
1270 2915 1313 2998 erl

87 3023 237 3088 merua
255 3005 484 3097 Τιιιιιιιιιιιιιιι).

176 3106 254 3189 Cap.
262 3107 340 3173 llill
366 3106 418 3170 De
443 3106 703 3180 cretionibus
722 3106 974 3172 funebribus.
1002 3104 1138 3171 Ceteram
1145 3116 1312 3213 'antequam

87 3194 270 3264 mertuorum
294 3215 420 3276 corpore
446 3194 525 3264 bumi
549 3198 738 3274 mundarent,
765 3189 915 3259 erutiones
936 3198 972 3259 de
1000 3217 1100 3259 eornm
1125 3196 1183 3259 ritu
1207 3191 1312 3260 baberi

86 3282 205 3362 solitas,
230 3305 267 3348 ex
283 3283 426 3359 Eusebio
448 3284 637 3348 Nazianzeno
657 3293 686 3346 et
702 3285 825 3346 Socrate
845 3284 957 3348 clarum
977 3295 1030 3347 est.
1065 3278 1216 3348 Eusebius
1234 3285 1313 3351 euim

87 3371 334 3449 Censtsutinnm,
357 3371 564 3435 Nazianzenus
587 3373 695 3436 fratres
716 3365 892 3436 Caesarium
916 3380 945 3434 ct
963 3370 1125 3451 basilium,
1147 3371 1313 3455 Gregorius

86 3458 245 3530 Meletides
261 3459 485 3524 ‘dutioelreuum
513 3459 682 3543 episcopum
715 3463 769 3541 (ut
793 3462 834 3525 ait
858 3461 999 3525 Socrates
1023 3459 1090 3533 bist.
1116 3461 1189 3526 secl.
1212 3459 1244 3544 5,
1268 3464 1312 3543 9.)

87 3559 223 3618 mortuos
239 3547 421 3610 orationibus
437 3547 613 3622 funebribus
630 3549 799 3614 laudarent.
1156 3581 1160 3586 ·

174 3636 324 3717 caplx.
358 3633 985 3718 Deeleernosyeisproruortuie.
1022 3631 1147 3699 Condito
1165 3645 1192 3699 et
1210 3647 1311 3701 curete

85 3726 194 3790 iuuere
210 3725 355 3788 dabantur
364 3723 585 3828 eleemosynae.
612 3724 759 3806 Origenes
777 3728 839 3802 (lib.
848 3728 879 3789 3.
898 3722 1058 3803 indubie,
1059 3726 1313 3807 ,Conrocantnr,‘“

84 3812 202 3895 inquit,
228 3812 281 3890 „iu
302 3812 514 3890 anniversariis
533 3815 639 3878 dicbus
658 3814 832 3892 raemoriae,
858 3810 905 3877 rel
925 3826 1077 3903 pareutum
1095 3813 1312 3896 defunctorum,

84 3922 145 3966 sen
163 3900 334 3974 amicorum,
357 3922 412 3964 seu
433 3922 688 3985 quorumcunque,
707 3902 757 3984 qui
767 3862 883 3965 iulide
901 3899 1120 3987 discessissent,
1141 3906 1312 3968 sacerdotes

85 3989 176 4054 simod
200 3999 228 4051 et
250 3986 338 4066 laici,
364 4000 453 4070 atque
469 4009 501 4050 nn
520 4011 554 4052 eo
573 4002 659 4054 coetu
676 4012 800 4070 promum
817 3990 956 4065 mortuis,
978 3991 1079 4071 qnod
1071 4012 1101 4053 ru
1119 3990 1177 4056 tide
1193 3985 1311 4055 disces

85 4077 212 4155 sissent,
221 4075 424 4157 gratulantur,
443 4087 471 4139 et
485 4076 588 4139 sibi
559 4099 640 4159 prum
656 4088 685 4141 et
698 4077 888 4163 tranquillum
901 4078 1011 4142 exitum
1023 4078 1088 4159 quis
1092 4102 1148 4161 que
1162 4090 1311 4163 precator,
1340 4133 1346 4141 .

85 4176 193 4247 postea
215 4166 407 4240 conseruntur
426 4164 631 4247 eleemosynae
650 4165 701 4229 rel
721 4168 901 4247 oblationes,
927 4187 1003 4250 qnae
1021 4166 1051 4228 in
1075 4189 1236 4249 pauperes,
1261 4165 1317 4250 qni·

85 4252 177 4320 simul
203 4253 262 4316 tum
276 4255 412 4330 adsunt,
433 4252 568 4334 pupillos
594 4263 622 4317 et
646 4254 751 4322 viduas
770 4256 1017 4324 distribuunturf‘
1049 4253 1287 4341 Hieronymus
1270 4257 1312 4320 ud

85 4345 302 4412 venemens
325 4344 359 4405 tle
381 4300 458 4404 olitrr
469 4345 629 4420 Ριιιιιιιιιιιι
647 4349 762 4426 oreris.-
795 4342 1029 4423 ,,Ριιιιιιιιιιιιιιιι
1054 4353 1158 4406 noster
1176 4335 1312 4414 sacciula

85 4427 221 4512 lapillum
248 4451 377 4514 ossaque
396 4416 565 4494 venerande
580 4422 736 4512 Paulinae
748 4431 971 4518 eleemosynae
967 4425 1119 4496 ιιιΙιιιιίι
1126 4427 1239 4537 Ηιιςιι,
1255 4433 1311 4497 bis

87 4509 250 4614 pigmentis
260 4529 369 4603 etune
365 4516 506 4601 odoribus
521 4518 640 4602 foret
606 4540 728 4606 erumpo
720 4519 985 4613 quiescentes,
955 4518 1067 4614 sciere,
1084 4520 1154 4616 quie
1163 4517 1317 4617 scripturn
1379 4556 1385 4560 ·

1037 4609 1112 4693 22&
