3067 5075
337 253 375 318 de
390 250 506 335 origine
523 238 1032 338 n'gspman1rstt.·0bristisuoruu.
1096 266 1115 302 ··
1227 248 1298 314 m

79 437 149 494 sictd
164 436 195 492 iu
215 434 254 491 V.
275 435 308 492 'li
326 432 473 491 israelitae
489 432 527 492 od
545 432 676 510 templum
692 433 807 491 Domini
823 429 979 490 namara
993 440 1053 490 non'
1065 447 1201 508 apparere
1215 432 1298 490 naam

80 527 107 584 tn
124 528 275 598 conspectu
292 524 405 580 [tantini
422 524 473 579 Dei
490 525 553 591 sui,
577 520 626 579 sud
647 519 747 596 offerre
764 523 950 598 tenusquisqus
963 519 1111 583 mundum
1127 517 1200 597 quod
1217 517 1297 577 tntu

79 611 157 684 iacta
174 609 389 667 benedictionem
405 612 519 667 Domini
535 612 589 680 Det
603 612 657 679 sui,
667 608 809 685 p'ubsntur.
843 605 881 665 Et
896 605 998 686 paucis
1017 603 1196 683 interjectis:
1220 605 1296 663 neub-

79 702 115 758 tis
129 702 159 756 in
174 696 258 770 locu,
278 693 383 773 pergit,
399 701 482 755 etiam
497 696 631 755 usitatum
645 697 710 771 fuit,
735 698 868 772 conuinia,
887 695 985 773 quibus
998 713 1137 772 pauperes
1152 691 1296 767 reticeren-

80 792 132 859 tur,
150 804 169 842 a
186 784 339 842 ditioribus
354 787 472 855 institui,
490 785 563 861 quae
576 769 697 860 cipriane
713 782 950 842 nominabam·
969 777 1036 861 §.Z
1053 780 1099 852 Et,
1118 789 1149 839 ut
1166 778 1296 856 ingenua

79 868 250 950 semipsum
270 867 482 949 toqnnr‚·nitri
503 882 580 929 certe
604 888 661 928 non
683 867 818 929 ridentur
841 886 955 945 agapae
973 887 1010 927 ex
1031 864 1104 927 solis
1119 867 1296 928 ludaeorum

79 957 389 1037 ritibus-repetendae.
426 958 494 1017 Non
508 955 611 1017 ludaei
631 965 739 1016 tantum
756 954 792 1017 ad
810 953 999 1015 christianam
1015 953 1188 1031 religionem
1214 963 1296 1014 trau·

79 1043 188 1106 sieruat
204 1064 323 1124 suaque
341 1042 428 1103 simul
445 1043 579 1105 solennia
597 1040 817 1117 transtulerunt,
834 1045 885 1102 sed
903 1042 1029 1117 gentiles
1046 1042 1131 1102 etiam
1148 1050 1176 1102 et
1193 1041 1295 1101 borum

81 1131 204 1212 quidem,
233 1131 261 1190 si
281 1150 433 1192 numerum
452 1131 526 1191 inire
543 1129 682 1204 volueris,
700 1127 790 1209 longe
806 1129 926 1192 ludaeis
943 1128 1059 1209 plnres,
1082 1128 1128 1203 id,
1151 1130 1231 1208 quod
1250 1126 1294 1189 rel

80 1238 113 1279 ex
129 1215 319 1279 multitudino
344 1239 443 1279 eorum
466 1227 561 1299 patet,
588 1218 636 1297 qui
663 1218 853 1298 pentecostnli
879 1230 1007 1294 ternpore
1032 1214 1168 1277 concioni
1191 1233 1295 1276 sacrae

80 1305 240 1367 intererant
269 1316 295 1365 et
313 1324 398 1366 sacro
414 1307 538 1386 quodum
557 1306 675 1365 lrarrore
692 1304 804 1385 perfusi
823 1304 976 1364 dicebant:
1011 1296 1078 1362 oin
1094 1294 1163 1364 irini
1179 1292 1296 1372 adress

82 1376 165 1453 οὗτοί
180 1392 268 1453 εἰσιν
286 1392 315 1452 oi
333 1385 500 1463 λαλοῦντες
518 1393 550 1451 Γ
546 1385 683 1469 dielnice
700 1386 766 1452 κτλ.
790 1393 853 1452 niet,
872 1389 902 1466 2,
920 1392 939 1449 7
955 1411 996 1452 ss.
1024 1390 1240 1469 quibustuae,
1263 1400 1296 1449 ut

79 1477 177 1560 reliqui
196 1480 289 1540 etiarn
308 1500 341 1540 eo
357 1479 476 1539 facilius
494 1482 736 1560 perducerentur,
756 1481 791 1539 de
809 1478 872 1540 suis
890 1478 974 1538 etiam
992 1476 1166 1538 ceremoniis
1182 1473 1295 1557 aliquid

78 1567 301 1646 perrerittendum
318 1578 389 1628 erat.
427 1566 512 1627 Hanc
530 1565 605 1628 enirn
622 1566 835 1645 indulgentium
854 1577 885 1626 ut
901 1565 1054 1646 prudentia
1071 1565 1230 1639 suadebat,
1254 1563 1295 1624 ita

78 1653 237 1715 nenessitas
266 1653 413 1732 exigebat.
451 1652 565 1715 Paulus
590 1664 668 1715 certe
692 1654 721 1714 in
740 1651 824 1715 lucro
849 1673 978 1735 ponens,
1003 1651 1028 1713 si
1048 1670 1122 1732 quos
1141 1650 1294 1726 religionis

82 1742 252 1802 christianae
273 1741 405 1819 partibus
422 1741 586 1821 adjungere
602 1747 719 1821 pascet,
736 1741 809 1802 iliud
827 1740 936 1813 innuit,
954 1731 1165 1823 duodenorum,
1181 1738 1294 1814 dicens,

80 1826 198 1907 γίνεσθε
215 1827 270 1887 καλ
283 1812 449 1897 'laudaliter
464 1827 513 1888 aui
523 1816 655 1906 ’Ἕλλησι
671 1827 720 1889 καὶ
737 1825 778 1913 τῇ
794 1824 938 1908 ἐκκλησίᾳ
954 1825 1013 1886 τοῦ
1034 1824 1134 1887 Θεοῦ·
1167 1814 1292 1894 Kndnie

80 1905 153 1994 np'yrir
170 1905 282 1974 πάντα
304 1912 401 1974 πᾶσιν
426 1907 545 1992 ἀρέσκω
568 1904 610 1993 μὴ
636 1910 734 1994 ζητῶν
755 1905 792 1975 τὸ
811 1912 946 1987 ἐμαυτοῦ
963 1913 1137 1991 συμφέρον,
1161 1900 1239 1972 ἀλλὰ
1256 1899 1293 1972 nd

74 1999 136 2061 noir
151 1995 284 2061 πολλῶν
300 2001 353 2060 i'aor
368 1998 500 2060 aaran
516 2001 548 2080 (l
570 2000 638 2062 Cor.
658 2001 706 2075 ttt,
723 2002 875 2078 32-33).
913 2000 1009 2076 Quam
1027 1996 1152 2081 apostoli
1171 2006 1293 2060 senien-

82 2086 140 2148 tinnr
157 2089 180 2148 si
198 2109 270 2149 oum
289 2086 340 2148 ilia
358 2088 557 2149 moderatione
575 2100 661 2169 atque
684 2088 830 2169 aequitate
849 2088 1066 2168 composueris,
1091 2107 1177 2167 quant
1196 2098 1293 2166 patres

81 2175 173 2255 synodi
190 2174 485 2256 Hierosolymitanna
503 2175 713 2251 adhibuerunt,
738 2175 824 2236 lrtcile
847 2174 1022 2237 arlscrtionis
1040 2174 1128 2255 bujus
1143 2174 1292 2235 veritatem

83 2261 234 2323 eonbrmari
258 2283 348 2343 posse
366 2265 463 2324 eredo.
503 2261 623 2324 Illustre
639 2260 757 2344 aliquod
775 2259 939 2344 exemplum
960 2261 1091 2324 afferam.
1127 2261 1292 2339 Gregorius

83 2347 120 2409 ll.
134 2351 237 2428 Anulis
260 2352 298 2412 ad
314 2349 398 2411 fidem
416 2349 603 2413 christianam
622 2351 791 2428 conversis,
818 2359 991 2427 censuerat,
1016 2348 1113 2411 omnia
1138 2348 1292 2427 religionis
1349 2376 1352 2382 ·
1428 2396 1436 2403 ,

84 2434 225 2513 gentilium
242 2436 373 2516 vestigia
390 2437 514 2500 delenda
532 2458 607 2514 esse,
627 2441 701 2519 qnod
720 2459 795 2520 opus
813 2449 844 2500 ut
861 2460 895 2500 eo
914 2436 1065 2517 efficacius
1082 2439 1293 2516 aggrederetur

84 2542 164 2605 ecque
179 2523 304 2588 felicius
322 2523 484 2607 perliceret,
502 2525 653 2588 Edilberto
673 2527 736 2607 regi
753 2526 924 2608 scripserat,
943 2525 973 2586 in
992 2522 1147 2587 consilium
1165 2545 1291 2587 voeare-

82 2622 122 2672 rat
136 2613 334 2690 Augustinurn
352 2614 488 2694 amnique
506 2635 595 2696 opera
611 2615 641 2675 iu
658 2612 795 2677 tollendis
812 2626 839 2677 et
854 2615 1034 2694 subrogandis
1050 2613 1219 2691 gentilium,
1244 2623 1291 2674 ta-

79 2696 244 2763 ‘lerabllib'ns
268 2701 353 2762 etiam
372 2710 476 2763 natura
493 2721 549 2763 sua
565 2701 670 2763 ritibus
687 2701 904 2780 elaboraverat,
931 2703 1097 2764 memoriam
1113 2704 1189 2762 adeo
1205 2700 1291 2762 susae

83 2800 247 2867 pergentes
268 2788 416 2849 bantinum
433 2787 652 2869 superstitionis
669 2787 831 2852 deleturus.
858 2790 955 2866 Quum
966 2801 1068 2851 'antem
1084 2786 1290 2866 intellexisset,

78 2891 111 2933 ⁴se
125 2872 240 2956 longius
262 2875 476 2957 progrediendo
502 2875 650 2941 alienasse
676 2877 774 2958 potins
799 2898 885 2958 quarn
910 2877 1086 2939 conciliasse
1107 2875 1221 2938 animos
1238 2896 1291 2936 so-

86 2958 168 3024 cietati
185 2963 421 3026 Christianarum
438 2964 713 3036 adscribendum,
738 2965 839 3026 mitius
857 2965 966 3026 sentire
982 2963 1157 3045 incipiebat,
1183 2960 1289 3044 stylum

85 3053 203 3113 vertebat
227 3062 256 3114 et
280 3051 432 3132 sequentia
449 3050 563 3114 Mettirn
581 3050 748 3113 scribebat:
783 3056 875 3127 Quum
898 3073 948 3114 uos
966 3058 1043 3113 Deus
1064 3057 1237 3131 omnipotens
1253 3053 1291 3112 ad

86 3142 329 3201 tremendissimum
346 3145 443 3201 Ρίοοοι
461 3141 579 3216 fratrem
595 3150 723 3202 nostrum
738 3143 925 3218 Anpustiaum
947 3146 1103 3227 episcopum
1118 3139 1289 3219 perdurarit,

87 3220 157 3285 dicite
171 3234 212 3303 ai,
237 3228 305 3307 quid
320 3227 368 3288 diu
384 3248 488 3288 mecum
505 3229 538 3288 de
553 3248 640 3288 causa
658 3230 812 3306 duplorum
829 3235 969 3306 capitana,
997 3234 1132 3300 tractari,
1156 3228 1289 3302 uidelicet,

87 3316 142 3385 quio
156 3314 226 3387 fano
242 3316 381 3375 idolomrm
399 3316 504 3377 destrui
520 3320 551 3376 in
574 3318 668 3375 eodem
685 3326 763 3392 penta
787 3322 898 3377 arinime
922 3318 1051 3389 debeant,
1075 3317 1124 3376 sed
1139 3322 1203 3394 ipsa
1219 3334 1290 3394 quoae

86 3398 112 3454 in
124 3402 157 3459 iis
170 3411 234 3461 snat
251 3404 329 3462 idola
345 3403 533 3464 destruantur.
569 3407 651 3483 Aqrro
670 3404 809 3465 benedicta
825 3404 886 3480 tint,
909 3409 940 3465 ia
956 3405 1057 3465 eisdem
1073 3406 1153 3480 {anis
1170 3404 1288 3480 adspar-

86 3492 165 3561 ptdur,
187 3490 295 3550 altaria
312 3498 518 3562 construantur,
543 3492 677 3570 reliquiae
694 3501 852 3570 portantur,
877 3498 959 3570 quia,
983 3497 1009 3552 si
1025 3496 1099 3567 {aaa
1114 3491 1208 3551 cadem
1225 3492 1290 3550 bens

87 3581 226 3636 camarata
242 3586 318 3649 sunt,
336 3597 444 3638 ncoesse
458 3587 508 3654 eat,
526 3587 556 3637 ut
573 3599 591 3637 a
607 3580 682 3639 cultu
698 3578 862 3639 doemonum
879 3585 910 3640 in
925 3581 1080 3658 obsequium
1097 3583 1155 3638 oeni
1171 3581 1221 3637 Dei
1238 3578 1288 3634 da-

87 3653 156 3719 leant
170 3666 333 3725 commendari
342 3687 352 3738 ς
372 3673 410 3737 ut,
427 3666 493 3725 dnm
508 3685 575 3742 pens
591 3671 656 3744 ipsa
671 3666 765 3726 eadem
781 3668 854 3740 fana
869 3687 924 3726 noa
941 3668 1013 3726 uidet
1029 3668 1143 3741 destrui,
1159 3666 1192 3723 dr
1208 3663 1289 3724 corde

86 3759 191 3809 tutorem
212 3752 333 3830 deponat
354 3752 384 3812 st'
396 3757 485 3812 Dotem
500 3774 594 3813 uorum
612 3773 776 3829 capnosoens
791 3775 825 3813 ao
841 3755 966 3815 adorans
981 3755 1018 3814 ud
1033 3756 1109 3825 toan,
1133 3772 1204 3833 quas
1219 3772 1288 3812 acn-

87 3839 175 3910 ttttait,
195 3839 371 3914 familiarius
387 3849 543 3901 concurrat.
584 3847 621 3904 Et
637 3848 703 3921 nuria
720 3842 800 3903 boues
816 3844 906 3902 soleat
923 3848 951 3909 in
969 3841 1107 3917 sompnia
1122 3842 1287 3901 daemonum

88 3920 176 3982 ttultm
190 3929 317 3998 accidere,
335 3928 411 3987 debet
426 3930 471 3988 bis
487 3934 570 3989 etiam
585 3930 638 3989 tna
653 3931 687 3988 do
702 3949 733 3990 rs
748 3932 845 4009 aliquio
860 3932 1013 3991 solennitas
1027 3934 1180 4003 immutari,
1198 3938 1228 3989 ut
1244 3930 1288 3989 dis

88 4001 251 4074 dediomiaais
274 4015 316 4075 acl
338 4017 479 4076 natalitiis
499 4026 660 4077 sanctorum
684 4028 854 4094 martyrum,
878 4039 994 4098 quorum
1009 4021 1068 4079 illio
1084 4020 1218 4098 reliquias
1231 4037 1286 4095 po·

87 4104 194 4174 santur,
217 4102 395 4162 tabernaculo
410 4104 463 4163 sibi
485 4109 559 4165 oiroa
577 4106 687 4164 easdem
702 4109 847 4185 ecclesias,
870 4127 941 4186 quas
955 4125 992 4166 su
1006 4108 1086 4182 {anis
1101 4113 1287 4167 commutatas

84 4189 155 4253 rtem,
177 4185 209 4244 da
222 4195 310 4249 ramis
326 4191 457 4251 arborum
472 4192 582 4267 faciant
596 4201 622 4252 st
639 4194 777 4271 raiipiosis
792 4198 924 4255 conuiuiis
939 4195 1130 4255 solennitatem
1145 4192 1285 4252 celebrant.

89 4264 254 4336 Nec-diabolo
268 4278 327 4351 p‘ant
342 4281 481 4339 animalia
497 4282 648 4352 immolent,
663 4282 714 4341 sed
728 4284 767 4341 od
782 4284 892 4342 lacedem
909 4287 970 4359 Dei,
987 4288 1015 4341 in
1032 4301 1108 4342 osum
1122 4300 1202 4339 snum
1218 4284 1285 4339 aui-

87 4355 163 4416 moiiu
178 4365 301 4424 amidant
322 4374 348 4426 et
365 4367 497 4428 donatori
519 4373 642 4428 omniunt
664 4370 697 4428 de
719 4374 847 4430 sotietate
868 4389 922 4431 sua
945 4376 1054 4446 pretias
1078 4368 1219 4441 referant5
1244 4376 1285 4441 ut,
1380 4427 1383 4432 ,
1496 4419 1502 4424 .

89 4434 143 4503 lttt
157 4450 301 4532 tinuimus
316 4439 440 4518 braim
453 4456 560 4533 pandis
582 4466 776 4536 amoenantur„
801 4459 840 4519 ad
862 4461 998 4519 interiora
1011 4456 1117 4536 paudia
1133 4460 1285 4517 marmure
1366 4452 1368 4455 ’
