3067 5075
269 302 335 370 nlo
665 294 800 371 xxxtvss
844 305 935 372 Andr.
953 304 1081 371 Scbnlsr

273 482 345 542 Ψιιιιι
368 484 460 560 ipsum
479 481 565 558 jacta
587 485 794 542 instructionem
810 479 984 558 fideiussoris
1002 482 1195 558 infidelitatem
1213 487 1363 563 pristinam
1382 488 1465 564 nonque

270 569 334 630 boni
351 573 569 646 ignorationem,
594 590 643 629 nec
660 590 714 630 non
729 576 804 631 oitos
819 574 979 650 spiritualis
994 577 1180 651 privationem
1198 572 1384 644 detestantem,
1405 582 1464 651 aquo

270 666 369 718 sancta
386 657 446 735 ejus
462 662 653 718 intercessione
669 663 721 718 Dei
738 660 947 739 diuinarumque
956 669 1104 739 compotem
1119 659 1184 736 fieri
1201 661 1387 736 postulantem
1401 681 1464 738 prue-

270 755 376 820 monst‚
401 750 503 823 intepre
526 747 569 806 illi
592 748 629 805 ad
645 751 734 806 Decem
751 748 931 808 accedendum
954 768 1028 824 esse,
1052 758 1143 827 utpote
1161 766 1285 827 prorsus
1301 738 1464 827 perfeetumet

270 835 496 905 immaculatum,
520 839 716 914 propositaque
736 836 832 897 ιΓιυῖιιιι
856 837 965 897 uiuendi
987 857 1102 913 norma,
1128 857 1179 895 suec
1203 856 1262 896 aon
1287 841 1462 912 interropatun,

270 944 336 983 arem
354 942 390 983 ea
407 941 440 981 ea
464 927 587 983 cisternis
603 921 697 982 aser?
721 929 881 984 assentienti
904 944 1017 984 manum
1039 929 1125 1004 capiti
1143 930 1275 1003 imponit.
1313 922 1357 984 De
1382 920 1463 982 adultis

271 1009 357 1072 etiam
374 1005 584 1088 intelligendus
604 1016 650 1071 est
666 1008 749 1071 locus
764 1009 795 1071 in
812 1012 936 1072 decretis
954 1013 989 1072 de
1005 1011 1231 1073 consecratione
1248 1012 1288 1072 Ι).
1300 1006 1331 1071 4.
1348 1029 1371 1070 c.
1387 1009 1464 1070 732-

270 1097 297 1182 §.
311 1096 359 1160 10.
378 1097 463 1174 Quas
480 1095 624 1159 herstanus
639 1094 716 1159 dicta
731 1107 800 1160 suot
816 1100 852 1160 de
866 1098 1010 1160 iutimtnru
1028 1109 1056 1160 et
1073 1099 1242 1161 adrsltoruns
1260 1096 1463 1179 susceptoribus,

272 1206 307 1248 ca
325 1183 413 1247 simul
432 1184 572 1262 innuunt,
592 1182 720 1247 officium
738 1207 796 1247 uon
814 1190 890 1269 apud
908 1196 1049 1270 utrosque
1065 1185 1140 1249 idem
1159 1186 1280 1264 fuisse3
1307 1185 1392 1248 adulti
1410 1184 1464 1245 enin

271 1272 320 1356 qui
339 1283 439 1351 erant,
462 1270 483 1333 ii
501 1284 568 1334 ante
586 1273 760 1355 baptismum
784 1284 954 1358 susceptum
972 1295 991 1337 a
1013 1276 1240 1357 susceptoribus
1266 1272 1330 1336 suis
1348 1271 1462 1334 inierun-

271 1364 394 1438 bnutur,
419 1381 477 1444 quo
502 1373 580 1423 tanto
597 1362 789 1444 promptiores
808 1367 845 1425 ad
870 1365 1103 1444 respondendum
1122 1363 1333 1440 effiierentur,
1356 1362 1385 1422 iu
1400 1379 1462 1442 quan

243 1496 247 1501 .
270 1471 332 1512 rem
350 1450 579 1513 extuberati.
598 1469 680 1512 cone.
698 1452 791 1512 Laod.
831 1451 966 1533 Denique
984 1454 1020 1513 ad
1037 1453 1222 1514 sacerdotem
1242 1453 1393 1524 ducebant,
1413 1467 1462 1528 pre

271 1542 422 1616 enitantur,
441 1551 471 1600 ut
487 1537 572 1618 copia
584 1538 718 1619 baptismi
729 1538 839 1619 pelenti
852 1542 1071 1617 concederetur,
1089 1559 1232 1621 quorsum
1244 1538 1387 1622 pertinent
1397 1535 1462 1597 rerba

270 1625 405 1707 Dionysii
423 1624 444 1688 l.
461 1646 488 1687 c.
513 1626 540 1710 ξ.
558 1626 590 1689 5.
630 1633 817 1687 Veruntamen
834 1629 957 1690 benevolo
971 1630 1083 1689 tandem
1099 1632 1184 1690 simul
1204 1632 1333 1710 petitioni
1348 1627 1402 1701 eins
1420 1625 1461 1700 (st.

271 1711 487 1795 catechumeni)
504 1719 575 1774 satis
590 1734 620 1774 se
633 1715 777 1789 facturum
793 1721 893 1776 annuit
908 1714 1027 1801 (nempe
1043 1716 1213 1799 susceptor)
1239 1722 1381 1797 ipsumque
1394 1714 1462 1773 susd-

270 1808 350 1885 piens
366 1803 440 1863 drrcit
455 1803 492 1862 ad
508 1822 644 1863 sumturum
660 1804 838 1866 sacerdotem.
870 1802 902 1864 lu
921 1824 955 1866 eo
972 1814 1067 1865 tamen
1084 1804 1202 1885 utrique
1220 1801 1429 1872 conveniebant,
1440 1796 1460 1855 in

271 1911 329 1973 quo
346 1899 375 1951 et
390 1888 516 1951 maxima
531 1910 599 1970 pars
617 1887 706 1951 osticii
724 1890 914 1968 consistebat,
932 1903 1084 1973 nempcnt
1100 1891 1232 1954 infantes
1252 1900 1334 1953 recta
1348 1889 1376 1949 iu
1390 1887 1460 1949 Deua

269 1978 326 2041 fide
343 1980 540 2040 educarentur
556 1998 573 2039 a
589 1979 823 2060 susceptoribus,
840 1979 949 2062 totique
965 1979 994 2040 bi
1011 1979 1041 2040 iu
1056 1979 1086 2040 id
1104 1979 1321 2056 incumberent,
1338 1997 1390 2059 qno
1402 1969 1461 2036 neri-

270 2078 357 2129 tatem
375 2065 524 2128 doctrinae
542 2064 680 2128 coelestis
696 2078 902 2147 agnoscerent,
928 2067 985 2128 imo
1002 2067 1087 2129 etiarn
1104 2067 1182 2130 vitae
1201 2067 1299 2130 uirilis
1317 2083 1407 2127 curam
1421 2060 1460 2120 bn-

270 2158 382 2232 berent,
405 2156 460 2216 bos
478 2166 590 2236 patrum
606 2155 701 2217 instar
716 2167 867 2217 tuerentur
882 2176 918 2217 nc
934 2152 1141 2235 defenderentq
1167 2158 1247 2238 quod
1266 2155 1350 2217 etiarn
1367 2143 1461 2230 requirit

269 2244 432 2326 Dionysius
449 2244 555 2323 Areop.
573 2242 593 2305 1.
611 2263 637 2304 c.
655 2263 718 2324 cap.
733 2242 786 2305 ult.
802 2241 830 2325 ξ.
847 2243 877 2305 2.
895 2242 1005 2324 pala.
1029 2247 1149 2322 Placuit,
1167 2243 1275 2326 inquit,
1293 2242 1414 2324 pnerdm
1425 2238 1459 2296 lu

270 2343 372 2393 sanctu
390 2333 528 2392 modoad
551 2332 716 2410 baptismam
742 2332 867 2407 admitti,
891 2342 921 2392 ut
944 2333 1029 2394 oblati
1053 2336 1166 2413 purvuli
1188 2343 1321 2414 parentes
1344 2324 1459 2390 amburebat

269 2421 359 2496 illium
373 2425 424 2480 uni
439 2439 474 2478 ec
496 2419 623 2496 fidelibus
646 2420 777 2495 tradant,
802 2422 1015 2499 qaipraeclarc
1028 2425 1058 2481 ia
1075 2422 1177 2482 diuinis
1192 2424 1276 2483 rebrss
1290 2437 1398 2501 paenam
1411 2429 1458 2472 stu·

253 2508 338 2585 diat,
354 2507 404 2568 sub
420 2508 500 2585 cujus
515 2508 641 2587 deinceps
656 2528 724 2569 cura
740 2512 778 2569 sit
794 2517 927 2598 tanquam
942 2509 993 2569 snb
1008 2510 1100 2572 diuino
1116 2518 1207 2590 patre,
1225 2518 1386 2587 sanctaeque
1398 2500 1458 2562 salb-

269 2601 307 2658 tis
323 2605 487 2675 susceptore.
514 2629 549 2641 -
582 2600 639 2657 Vos
662 2606 727 2657 onte
742 2601 837 2658 omnia
854 2607 913 2658 tam
928 2603 1004 2659 ciros
1020 2620 1103 2678 pram
1120 2600 1250 2660 munitores
1267 2598 1407 2667 adaccaro,
1425 2586 1460 2665 qul

268 2684 344 2762 filios
360 2690 389 2745 in
405 2685 541 2763 baptismo
556 2690 725 2764 suscepistis,
742 2695 773 2745 ut
789 2706 838 2747 uos
856 2691 1026 2765 capnoscatis
1042 2686 1220 2765 fidejsessores
1237 2686 1316 2767 apud
1332 2688 1411 2744 nean
1421 2690 1458 2754 pu

269 2775 328 2834 illis
342 2777 482 2845 astitisse,
505 2793 574 2854 quos
596 2765 650 2834 uisi
666 2779 732 2834 estis
755 2795 770 2833 e
793 2795 873 2835 sacro
895 2776 974 2850 fonte
988 2780 1134 2855 suscipere.
1170 2777 1292 2855 ideoque
1313 2786 1410 2848 semper
1426 2776 1458 2819 0⁰⁸

270 2862 421 2936 admonete,
439 2869 469 2920 nt
485 2866 639 2921 castitatem
656 2862 824 2934 custodiant,
840 2863 976 2937 iristitiam
992 2863 1117 2941 dilipont,
1134 2868 1280 2924 caritatem
1295 2862 1404 2921 teneant.
1427 2843 1458 2906 lli

270 2949 347 3029 apud
365 2946 497 3010 Gratian.
513 2948 551 3011 D.
567 2945 598 3012 4.
617 2951 652 3011 de
669 2959 831 3012 consecrat.
852 2970 877 3012 c.
898 2949 970 3012 105.
1004 2982 1041 2995 -
1078 2949 1106 3033 §.
1126 2952 1176 3011 li.
1208 2952 1254 3012 Ad
1272 2947 1395 3009 infantes
1408 2941 1458 2998 reio

182 3056 184 3059 ·
268 3037 297 3098 id
314 3035 448 3118 inprimis
466 3027 646 3118 pertinebat,
671 3036 833 3119 quostiam
851 3036 976 3099 maxime
1001 3035 1174 3099 differebant
1196 3039 1235 3098 ab
1260 3034 1380 3108 adultis,
1401 3018 1457 3106 quai

269 3145 322 3207 pro
346 3124 384 3187 iis
407 3126 627 3206 responsionem
653 3126 857 3205 depromerent
881 3124 1155 3206 confessionemque
1178 3122 1248 3188 fidei
1269 3143 1341 3186 sune
1366 3111 1459 3200 ederent

268 3219 456 3292 susceptores
473 3213 660 3293 Satanacque
678 3222 706 3274 et
722 3210 849 3273 omnium
867 3212 932 3294 ejus
958 3232 1077 3294 operum
1094 3212 1369 3276 abrenunciatioues
1388 3193 1457 3285 quui*

269 3310 408 3362 terentur.
449 3298 598 3376 Quorsum
621 3298 678 3362 vid.
697 3299 832 3361 Gratian.
850 3299 888 3360 D.
905 3296 935 3361 4.
953 3303 988 3363 de
1007 3320 1139 3363 conseer.
1159 3321 1224 3363 ean.
1242 3302 1303 3364 28:
1327 3304 1351 3359 si
1371 3281 1458 3374 peronii

267 3398 333 3449 srcnt
348 3389 392 3448 uel
408 3388 527 3460 netem,
551 3388 768 3468 qui'doctrinom
785 3394 979 3468 concupiunt,
1003 3393 1186 3469 respondeant
1200 3412 1253 3471 pro
1278 3391 1335 3451 illis
1348 3387 1391 3464 qul
1403 3367 1457 3452 ‘'il‘'

268 3484 351 3555 runt,
374 3476 455 3550 p‘uata
472 3497 572 3535 osorem
589 3477 754 3555 baptizandi
771 3486 796 3537 et
813 3483 853 3537 sic
869 3499 969 3538 manus
985 3484 1158 3557 impositione
1174 3487 1199 3538 et
1216 3455 1459 3539 obsessucensuri

269 3566 462 3627 admittantur.
488 3562 598 3624 Eadem
617 3563 704 3625 tradit
718 3564 882 3648 Dionysius
897 3565 1005 3646 Areop.
1024 3562 1044 3626 Ι.
1062 3586 1105 3626 c.:
1121 3568 1193 3627 bscnc
1208 3572 1302 3647 itaquae
1318 3555 1389 3638 (seii.
1404 3563 1457 3610 sut·

268 3657 432 3734 ceptorum)
449 3658 564 3714 antistes
579 3663 674 3714 sancte
688 3660 899 3733 promittentem,
916 3676 945 3715 se
960 3675 1074 3734 pnersnn
1094 3655 1131 3714 od
1145 3664 1272 3715 sanctam
1288 3653 1372 3713 citant
1385 3635 1456 3713 ἰιιῙὅτι

267 3750 418 3818 mutuarum,
438 3741 515 3818 jubet
530 3741 654 3821 profiteri
670 3745 927 3805 abrenunciatioaes
941 3761 1091 3822 sacrasque
1106 3741 1302 3822 professiones.
1332 3729 1401 3796 lllud
1415 3738 1457 3814 “uf

268 3836 325 3890 tera
341 3848 398 3889 usu
418 3827 516 3890 uenire
541 3828 670 3907 solebat,
693 3841 724 3891 ut
747 3852 851 3892 nomen
872 3850 986 3911 qnoque
1010 3830 1157 3910 baptizato
1183 3850 1218 3891 eo
1243 3823 1327 3891 simul
1350 3821 1455 3966 teuppll⁰

267 3916 466 3997 imponeretur
488 3925 516 3977 et
534 3915 649 3997 quidem
668 3918 876 3980 convenienter
893 3920 975 3997 (sunt
990 3918 1080 3978 uerba
1098 3917 1207 3998 Georg.
1227 3911 1333 3980 Calinti
1348 3908 1376 3970 io
1413 3913 1455 3958 01¹·

268 3991 368 4067 cirdia
385 3992 566 4085 Euangeliou
583 4004 635 4068 lib.
654 4008 683 4067 l.
701 4026 765 4087 cap.
784 4006 816 4068 9.
832 4027 862 4085 p.
880 4004 947 4087 02.)
964 4015 995 4065 ut
1011 4007 1076 4066 olim
1092 4011 1120 4067 in
1138 4011 1346 4078 circumcisione,
1366 4001 1401 4056 itu
1413 3983 1454 4047 lu·

267 4095 312 4155 die
326 4095 506 4173 in‘boptismo
523 4101 635 4156 nomina
652 4096 808 4169 infantibus
821 4096 970 4171 induntur,
994 4095 1066 4173 prod
1082 4100 1136 4174 ipsi
1152 4105 1210 4156 tum
1226 4102 1284 4156 Deo
1300 4102 1390 4152 nornen
1403 4075 1455 4168 liii

266 4191 293 4245 et
309 4184 465 4263 obsequium
487 4189 643 4263 promittere
658 4188 810 4261 incipiant,
833 4184 952 4262 adeaane
966 4202 1002 4242 ear
1017 4192 1148 4263 potestate
1164 4186 1334 4246 tenebrarum
1349 4180 1377 4236 in
1390 4165 1452 4248 tili

137 4354 145 4365 .
234 4347 238 4353 .
266 4281 367 4333 statem
384 4276 453 4349 Dei,
479 4277 509 4332 in
524 4273 602 4351 cnp'us
619 4276 701 4330 etiarn
716 4276 839 4348 qratiam
861 4273 1027 4352 tutelamque
1042 4273 1214 4354 referrentur,
1239 4267 1386 4334 transeant·
1417 4243 1452 4336 lli

268 4358 421 4438 g'errtbum
445 4379 513 4421 vero
538 4356 705 4439 imponendi
729 4356 857 4419 nominis
880 4359 1090 4421 cousuetudine
1113 4359 1246 4442 inprimis
1269 4355 1327 4420 nid.
1341 4338 1452 4411 R⁰⁵f¹¹⁰³

266 4447 366 4528 antiq.
383 4446 471 4510 Roru.
487 4445 517 4524 2,
539 4448 587 4508 19.
605 4468 634 4528 p.
650 4441 724 4508 384.
744 4480 782 4493 -
804 4447 832 4533 ᾗ.
852 4447 903 4509 12.
922 4447 969 4509 Ex
986 4447 1092 4530 quibus
1109 4446 1196 4511 incibe
1214 4446 1350 4525 colligere
1364 4439 1451 4516 passu·

267 4543 350 4614 mus,
367 4554 425 4595 uon
443 4533 538 4597 iustiti
555 4535 652 4597 studio
670 4532 817 4602 sollicitos
834 4535 929 4603 fuisse
944 4536 1063 4617 Patres,
1081 4538 1148 4603 dum
1162 4537 1194 4602 iu
1211 4558 1246 4604 eo
1262 4525 1380 4601 maxine
1394 4527 1452 4599 ape·
