3067 5075
260 266 327 330 m
694 262 801 329 xnlv.
832 264 899 328 dib.
913 263 1037 329 Frilrins

1506 368 1507 415 l

261 439 493 504 Christiawunr
514 438 575 518 jem
598 439 732 514 devenit,
765 449 798 501 nt
823 440 950 520 publicis
974 440 1081 504 littoris
1104 448 1207 502 onuba
1230 439 1299 503 illes
1323 451 1458 522 ageretur,
1506 420 1507 503 l

262 528 399 591 omnibns
417 528 545 603 omuino,
570 526 617 606 qni
636 525 747 589 Christi
764 548 869 590 nomeu
889 549 958 609 prae
976 550 1009 591 se
1024 529 1101 591 ierre
1119 529 1184 591 ansi
1202 537 1312 606 esseut,
1334 530 1459 608 honores,
1506 506 1507 595 l

260 618 424 679 libertatern
441 627 470 677 et
480 615 550 696 jura
567 615 674 693 omnia,
694 614 801 696 quibos
820 628 907 679 antea
925 618 1043 679 lucrant
1061 617 1167 697 ganisi,
1187 616 1290 678 adimit
1305 639 1362 691 unp
1379 621 1460 695 ruodo,
1506 602 1507 629 ¹

261 708 317 767 sed
339 715 368 767 et
390 724 471 783 spem
495 702 638 781 praecidit
656 723 789 780 omnem,
821 726 879 785 qna
899 709 936 767 de
958 705 1167 785 recuperandis
1187 705 1272 767 bonis
1291 703 1397 767 ablatis
1417 715 1460 766 aut
1506 768 1507 791 ,

260 793 437 856 vindicanda
449 790 579 859 vneminis
598 790 712 852 bonesti
731 792 820 870 lama,
840 813 893 872 per
910 792 1003 854 malos
1020 793 1141 873 turpiter
1156 791 1402 868 fortassislaesa,
1419 805 1460 855 ant
1506 794 1507 871 l

261 884 298 942 de
321 878 510 942 restituendis
535 877 652 940 amissis
677 879 871 958 dignitatibus
895 878 935 942 ali
959 887 1103 960 poteraut
1147 880 1237 942 lormo
1264 890 1293 942 et
1318 878 1458 960 suppliciis
1506 890 1507 941 t

261 967 418 1030 dirissimis
442 968 663 1047 persequendos
679 965 749 1028 illos
772 968 874 1031 statuit
890 967 1005 1031 nullave
1023 967 1135 1031 ratione
1153 967 1355 1054 ulciscendum
1371 967 1458 1029 interi·
1506 946 1507 1027 l

259 1066 321 1118 tum
338 1077 447 1131 eornm,
463 1063 514 1114 ant
531 1055 694 1133 puniendos
714 1076 751 1117 ex
769 1055 948 1137 praescripto
965 1055 1042 1135 legis
1055 1056 1147 1137 jubet,
1165 1056 1213 1135 qui
1230 1054 1362 1136 iniquius
1377 1055 1458 1115 homi·

259 1163 316 1206 ues
335 1142 444 1204 Christi
468 1161 554 1203 sacra
577 1152 736 1222 sequentes
756 1153 940 1207 tractassent.
985 1143 1103 1204 Grande
1121 1144 1252 1223 proiecto
1272 1142 1394 1217 udum,
1416 1162 1459 1203 nec
1506 1180 1507 1203 ι

216 1240 220 1245 ’
259 1231 321 1293 nisi
339 1229 496 1291 christiano
520 1229 540 1290 i.
558 1251 583 1291 e.
603 1231 651 1308 pio
671 1251 707 1292 ac
728 1231 831 1292 humili
849 1231 1000 1294 ferendum
1021 1232 1128 1304 animo,
1147 1253 1214 1293 mox
1235 1241 1327 1310 anget
1346 1234 1459 1292 roduuu

260 1324 386 1382 irruenter
403 1328 429 1378 et
445 1321 582 1379 uotorum
600 1322 773 1381 machinator
797 1322 843 1400 (ut
868 1319 952 1381 audit
968 1318 1091 1400 egregie
1109 1322 1300 1381 Diocletianus
1321 1317 1458 1380 Lactantio

163 1442 170 1462 ι
260 1405 282 1470 l.
298 1407 317 1467 l
335 1405 383 1487 7.)
409 1425 484 1467 nuno
510 1425 603 1485 eoque
621 1404 794 1485 impiissimo
814 1406 924 1480 edicto,
956 1429 1013 1487 quo
1040 1406 1182 1468 ecelesias
1199 1408 1234 1469 ad
1260 1404 1358 1466 solnm
1382 1425 1458 1485 nsque

261 1495 419 1556 diruendas
437 1503 465 1554 et
486 1492 689 1554 sanctissimos
714 1493 808 1573 ipsius
828 1496 883 1557 Dei
902 1494 993 1555 libros
1011 1495 1134 1556 dammis
1156 1495 1372 1557 comburendos
1388 1492 1458 1572 peni-

261 1594 367 1663 tusque
385 1581 579 1642 eradicandos
598 1600 666 1641 esse
689 1582 842 1661 praecipit.
886 1585 929 1643 dd
953 1581 1085 1645 ultimum
1111 1583 1225 1643 tandem
1249 1581 1280 1643 io
1301 1578 1458 1654 cessauit,

261 1690 337 1749 quos
355 1669 513 1747 magistros
533 1679 560 1729 et
576 1667 726 1747 praesides
743 1680 771 1729 et
787 1668 920 1749 exempla
936 1674 1039 1750 gregis
1054 1671 1119 1731 Deo
1137 1679 1330 1731 consecratae
1347 1678 1470 1745 uenerat,-

261 1776 372 1837 eosqne
390 1756 514 1835 primunr
538 1758 573 1815 ad
595 1773 729 1817 carceres
748 1758 884 1832 damnat,
908 1778 975 1818 mox
994 1779 1062 1819 nero
1087 1757 1169 1819 educi
1193 1758 1298 1818 iterum
1323 1766 1407 1837 atque
1423 1753 1457 1814 rel

260 1846 298 1905 nd
322 1863 431 1924 spurca
451 1844 479 1903 et
495 1842 623 1903 celanda
646 1841 804 1920 sacrificia,
827 1843 884 1904 diis
905 1845 1063 1921 ollerenda,
1087 1845 1131 1906 nel
1152 1847 1187 1905 ad
1205 1843 1309 1905 ultima
1328 1840 1458 1923 supplicia

260 1952 353 2012 eaque
372 1929 573 1997 intensissima
597 1930 670 1992 trahi
690 1931 760 1992 vult.
806 1931 943 2007 Ceterum
961 1944 1114 2012 antequam
1134 1930 1181 1992 hic
1201 1931 1396 2007 discedamus,
1413 1931 1457 1990 dun

259 2019 356 2081 adhuc
372 2009 554 2097 potissimum
572 2028 656 2079 eruut
672 2021 864 2081 observanda.
901 2019 1029 2081 Primum
1049 2021 1125 2099 quod
1141 2021 1177 2080 ad
1196 2018 1355 2080 edictorum
1374 2028 1459 2079 contra

261 2107 446 2169 Christianos
463 2103 725 2186 promulgationem
742 2102 889 2187 publicam
906 2107 1024 2183 adtinet,
1043 2106 1209 2168 varietatem
1226 2105 1354 2187 aliquam
1374 2113 1458 2166 aucto

259 2216 323 2256 rum
344 2193 424 2255 circa
441 2204 567 2272 tempus,
592 2215 649 2275 quo
667 2197 915 2273 proponebantur,
943 2194 1160 2275 deprehendere
1178 2192 1254 2255 licet.
1302 2193 1459 2255 Lactantius

260 2281 337 2343 enim
355 2281 402 2341 die
418 2281 470 2345 24.
486 2281 576 2340 Febr.
595 2281 739 2360 prodiisse
756 2282 882 2343 edictum
899 2282 956 2359 ait3
980 2280 1130 2344 Eusebius
1147 2302 1215 2342 vero
1233 2280 1345 2356 scribit,
1366 2300 1458 2361 propo-

260 2369 348 2430 situm
363 2368 459 2428 inisse
476 2367 600 2428 edictum
614 2388 713 2430 mense
725 2369 843 2446 Martio,
859 2372 1014 2449 adpetente
1030 2368 1106 2431 festo
1118 2368 1291 2431 Dominicae
1308 2366 1457 2449 passionis

260 2456 310 2537 qui
334 2465 430 2515 tamen
450 2474 580 2515 mensem
597 2452 773 2516 Xanthicuur
792 2455 938 2535 designat,
959 2478 1043 2538 quero
1060 2456 1184 2518 Romani
1202 2455 1332 2535 Aprilem
1352 2464 1457 2524 vocantr

178 2553 184 2559 ’
259 2553 288 2605 et
307 2545 421 2604 modern
441 2554 543 2603 auctor
562 2541 700 2604 Chroniei
717 2544 908 2606 Alexandrini
928 2547 955 2607 d.
972 2546 1024 2606 25.
1040 2544 1149 2621 Martii,
1172 2544 1237 2624 ipso
1256 2544 1303 2604 die
1323 2542 1455 2623 paschatis

258 2629 289 2691 id
317 2630 426 2692 factum
458 2630 691 2692 esse'adlirmat.
736 2632 768 2691 ln
795 2632 1003 2711 componendis
1028 2631 1117 2712 igitur
1142 2632 1222 2693 hisce
1250 2631 1456 2693 difficultatibus

260 2738 378 2798 operam
404 2737 488 2779 snam
514 2716 671 2781 collocarit
692 2718 795 2799 Steph.
811 2717 953 2781 Balozius
980 2720 1025 2803 (in
1041 2727 1113 2781 notio
1128 2722 1166 2780 od
1181 2726 1327 2780 Lectonttt
1343 2723 1362 2778 t.
1380 2721 1415 2795 o.)
1435 2723 1457 2776 et

258 2806 300 2867 ita
327 2806 442 2887 quidem
467 2806 611 2885 feliciter,
644 2816 676 2867 ut
695 2807 830 2881 omnibus
854 2808 916 2870 iere
943 2807 1177 2886 probatissimam
1202 2806 1283 2867 illam
1305 2803 1455 2867 reddiderit.

257 2894 417 2955 Existimat
435 2915 502 2955 vero
522 2894 584 2972 ille,
609 2895 700 2975 primo
722 2895 847 2956 edictum
867 2895 938 2955 illud
957 2894 1135 2974 propositum
1159 2893 1254 2955 inisse
1272 2892 1456 2964 Nicomediae,

259 2982 310 3042 nbi
338 2983 447 3062 egebat
469 2982 659 3056 Lactantius,
686 2982 766 3044 reiut
785 2982 816 3043 in
841 2982 956 3043 civitate
982 2982 1079 3058 regia,
1108 2985 1134 3043 d.
1158 2980 1210 3042 24.
1228 2981 1337 3057 Febr.;
1365 2980 1455 3042 deiude

257 3069 379 3132 missum
398 3073 434 3130 ad
459 3071 572 3130 ceteras
596 3069 708 3149 imperii
729 3070 871 3142 civitates,
896 3089 995 3131 mense
1014 3069 1128 3149 quidem
1147 3068 1253 3129 Martio
1273 3067 1417 3148 vulgatum
1432 3069 1455 3124 iu

257 3178 292 3219 eo
312 3158 387 3228 ioco,
407 3156 456 3216 ubi
475 3168 534 3217 tom
553 3158 704 3218 Eusebius
721 3158 881 3233 habitabat,
908 3156 939 3216 in
958 3156 1125 3218 Palaestina
1144 3169 1243 3217 mense
1261 3156 1370 3235 Aprili3
1393 3150 1455 3215 Ale-

255 3244 398 3305 xandriae
414 3241 461 3302 rel
478 3244 548 3303 alibi
565 3245 629 3322 ipso
647 3245 694 3303 die
711 3245 870 3320 paschatis.
903 3245 941 3303 Et
955 3243 1028 3304 haee
1045 3244 1161 3321 quidem
1180 3242 1220 3304 uti
1239 3241 1384 3323 singulari
1400 3258 1453 3303 sese

256 3330 357 3407 specie
376 3323 558 3409 commendat
581 3329 764 3405 conciliatio,
789 3330 829 3389 ita
852 3331 935 3409 juvat
959 3332 1080 3391 eaodem
1098 3353 1213 3412 quoquc
1233 3330 1372 3410 egregie,
1389 3328 1452 3408 qnod

254 3415 428 3476 Lactantius
445 3435 507 3495 cap.
528 3416 577 3476 15.
595 3415 681 3477 dicit:
698 3424 735 3477 Et
746 3418 810 3495 juni
826 3417 933 3478 litterae
948 3421 985 3478 nd
1001 3425 1213 3480 Moninrioeune
1228 3423 1254 3478 et
1275 3423 1452 3480 Constantium

254 3514 479 3576 comuneooeront,
506 3515 536 3562 ut
554 3505 649 3564 eodem
668 3506 806 3577 furerent:
832 3526 896 3567 cunr
916 3504 945 3564 id
963 3504 1058 3565 saltim
1084 3506 1189 3567 exinde
1206 3515 1320 3585 pateat,
1342 3504 1451 3567 edictum

252 3590 436 3672 imperatoris
457 3591 538 3671 prius
563 3583 728 3653 incivitate
752 3593 843 3671 regia,
868 3612 953 3672 quam
973 3591 1003 3652 in
1022 3591 1088 3653 aliis
1107 3591 1220 3672 imperii
1242 3593 1380 3667 urbibus,
1403 3590 1451 3649 imo

252 3680 335 3761 prius
354 3679 384 3739 in
402 3679 531 3756 Oriente,
551 3701 636 3759 quam
655 3679 684 3738 in
702 3680 860 3741 Occidente
879 3679 1057 3759 propositum
1074 3680 1176 3741 fuisse.
1215 3680 1331 3741 Deinde
1347 3690 1372 3741 et
1387 3676 1451 3737 illud

250 3787 311 3828 nou
327 3767 524 3839 omittendum,
542 3769 596 3827 hac
611 3768 677 3846 ipsa
693 3768 847 3828 decennali
864 3767 1067 3846 persecutione
1084 3767 1160 3828 istud
1179 3788 1295 3847 quoque
1312 3766 1449 3834 accidisse,

250 3863 298 3928 ut,
316 3856 394 3934 quod
412 3865 498 3914 antea
517 3854 646 3932 ignotum
663 3853 773 3930 fuerat,
792 3855 938 3915 civitatum
959 3855 1052 3915 edicta
1068 3857 1211 3915 adversus
1229 3854 1409 3917 Christianos
1428 3855 1451 3910 et

249 3940 487 4002 constitutionum
518 3939 712 4019 imperialium
740 3942 896 4021 rescripta,
928 3943 1006 4002 aeris
1031 3940 1141 4002 tabulis
1164 3942 1275 4019 ineisa,
1306 3940 1403 4003 mediis
1424 3937 1449 3996 in

248 4028 372 4089 urbibus
390 4030 538 4107 proposita
553 4027 669 4089 fuerint.
702 4028 805 4089 Refert
822 4029 876 4087 hoc
893 4030 1000 4090 diserte
1012 4029 1161 4091 Eusebius
1179 4029 1260 4110 (hist.
1276 4030 1347 4092 ecel.
1362 4026 1388 4105 9,
1400 4025 1447 4102 7.)‚

248 4136 415 4197 quanquam
433 4114 565 4194 pressius
583 4117 619 4175 ad
636 4114 790 4176 Maximini
810 4122 940 4195 tempora
956 4115 1101 4195 pertinere
1118 4116 1196 4179 istud
1214 4117 1354 4180 rideatur.

334 4254 361 4337 ς’.
375 4250 404 4315 5.
425 4250 520 4330 Qteod
532 4252 708 4336 speciatim
723 4252 771 4317 od
780 4252 913 4319 Soerrre
923 4252 1124 4337 Scripturas
1140 4252 1310 4320 volumino
1327 4267 1447 4318 eornm·

248 4362 311 4428 pere
328 4338 580 4405 combustionem
597 4340 736 4429 adtinet,
750 4342 871 4428 praeci
893 4362 939 4405 nn
957 4348 1045 4406 certe
1057 4362 1098 4405 uc
1111 4341 1297 4425 peculiaris
1311 4339 1371 4406 illu
1380 4334 1447 4422 ferit

246 4426 431 4493 columitas
453 4427 693 4511 persecutionis
722 4451 744 4493 o
757 4427 856 4495 >Dice
871 4428 983 4494 ctione
1015 4427 1238 4517 commctned)
1286 4421 1443 4507 Quemad-
