3067 5075
175 300 183 323 ·
241 280 308 349 ons
381 256 388 263 ’
629 280 716 385 πω.Ι
750 283 778 347 r.
794 280 854 345 cl.
868 281 906 345 a.
923 280 1070 345 omas

242 457 389 541 separatis
406 463 435 518 ot
452 456 541 519 unire
559 454 653 518 sacris
672 457 850 538 peragendis
869 457 1022 520 destinatis
1045 466 1075 519 et
1097 455 1278 520 consceratis
1301 468 1456 521 emerunt

242 543 407 610 Christiani
431 543 545 607 novitii.
580 542 705 606 Constat
727 543 804 623 enirn
823 566 873 608 eos
897 545 1060 627 prohibitos
1084 543 1195 623 luisse,
1218 542 1357 627 publicos
1374 544 1456 627 plens

242 632 312 697 lnce
327 652 418 714 agere
435 642 606 695 conventus.
647 630 730 694 Fieri
752 632 844 719 igitur
868 654 927 695 non
950 628 1060 715 potnit,
1086 642 1118 695 nl
1141 633 1279 715 templum
1302 633 1350 697 nel
1369 634 1454 697 alium

207 766 212 771 -
242 720 340 784 locoru
356 720 489 784 stabilem
512 719 554 783 rei
571 719 688 783 divinae
704 719 955 803 circumscriptum
971 731 1000 783 et
1022 720 1171 804 proprium
1189 724 1384 802 adornarent,
1410 723 1456 784 ubi

242 819 319 872 stato
332 820 460 890 tempore
470 807 660 871 convenirent
677 808 839 891 remotiqne
856 830 874 872 a
890 809 1015 891 strepitu
1032 820 1060 873 et
1076 810 1209 891 profanis
1226 810 1359 890 negotiis
1369 823 1454 873 sacra

180 898 188 909 '
242 914 300 961 sna
317 898 440 976 obirent,
467 917 534 959 curn
550 896 580 957 iu
599 897 862 978 persecutionibus,
888 897 995 979 quibus
1011 900 1225 980 premebantur,
1248 898 1453 979 abdita‘quae-
1483 950 1485 955 .

241 987 326 1049 rendi
344 984 466 1067 lucaque
483 1004 572 1064 saepe
597 986 726 1046 motandi
748 985 913 1047 necessitas
936 985 1010 1068 ipsis
1035 985 1172 1067 imposita
1194 986 1293 1048 luerit.
1331 985 1367 1049 Si
1385 986 1453 1049 enin

240 1074 351 1156 templa
366 1071 540 1136 habuissent
552 1071 710 1147 Christiani
728 1072 877 1154 primaevi,
893 1073 1009 1135 Plinius
1027 1085 1106 1135 certe
1123 1073 1301 1155 mentionem
1314 1077 1454 1156 quandam

134 1215 138 1223 .
244 1181 346 1224 emuna
360 1160 483 1224 lecisset
506 1181 562 1224 ner
584 1160 678 1223 obiter
693 1162 876 1244 scripsisset,
890 1182 952 1223 ‘eos
974 1172 1042 1224 ante
1060 1161 1157 1224 lucem
1181 1162 1341 1225 conuenire
1358 1161 1452 1224 solitos

216 1292 219 1297 «
242 1249 348 1311 luisse.
384 1250 416 1310 ln
433 1249 552 1311 Troade
570 1247 782 1313 conveniebant
798 1248 828 1309 in
846 1250 1017 1326 coenaculo,
1042 1252 1145 1311 eodem
1162 1252 1246 1312 modo
1264 1249 1385 1312 coibant
1400 1250 1454 1312 Co·

242 1336 357 1399 cinthii·
392 1336 495 1398 Suasit
513 1337 568 1398 lroc
585 1356 644 1397 non
659 1335 754 1398 solnm
781 1337 951 1419 templorum
969 1337 1109 1418 penuria,
1135 1340 1187 1400 sed
1205 1336 1291 1400 etianr
1309 1359 1394 1400 amor
1408 1359 1453 1400 ca·

242 1425 375 1506 ritusque
400 1423 634 1486 Christianorum
664 1424 894 1506 primaevorum,
927 1427 1089 1487 animorum
1114 1425 1215 1487 intima
1239 1426 1410 1507 conjonctio
1431 1436 1454 1487 et

158 1508 163 1515 ’
244 1513 435 1577 admirandus
452 1512 569 1594 quidam
586 1512 779 1575 fraternitatis
797 1533 913 1590 sensnS,
930 1523 963 1575 nt
973 1514 1072 1594 potius
1084 1534 1184 1575 ornnes
1201 1506 1266 1573 κατ’
1284 1510 1373 1574 οἴκου
1389 1534 1452 1576 con·

240 1600 365 1687 junctim
379 1599 436 1662 bas
456 1598 559 1681 epulas
578 1610 732 1681 pararent,
758 1622 844 1683 quam
862 1601 990 1682 singulis
1013 1600 1146 1683 patribus
1163 1600 1291 1684 familias
1308 1623 1390 1663 more
1405 1603 1452 1664 Ju-

240 1688 329 1752 daioo
346 1690 542 1751 concederent
556 1687 761 1751 instituendas.
781 1688 962 1749 Procedente
978 1700 1074 1751 autern
1090 1699 1230 1770 tempore,
1247 1710 1315 1750 cnm
1334 1689 1452 1752 ccclesia

216 1781 219 1787 ’
239 1777 406 1841 christiana
426 1770 612 1859 adolesceret¹
625 1775 789 1856 opibusque
804 1786 891 1836 aucta
908 1786 935 1837 ot
951 1776 1128 1857 locupletata
1145 1787 1233 1853 esset,
1251 1776 1362 1858 ternpla
1377 1778 1451 1840 aedi·

241 1865 409 1928 licabantus
424 1883 597 1945 agapesque
612 1864 643 1923 in
660 1861 781 1944 publico
796 1864 951 1940 dabantur,
980 1865 1020 1926 ita
1037 1875 1067 1925 ut
1084 1864 1114 1924 in
1132 1864 1258 1926 aedibus
1273 1866 1371 1927 saeris
1388 1886 1450 1926 oon-

243 1953 344 2017 nenlre
369 1960 490 2034 possent
514 1951 665 2033 majorque
683 1962 761 2013 esset
781 1949 885 2012 borum
910 1952 1107 2014 conviviorum
1131 1962 1189 2014 tum
1215 1953 1378 2015 auctoritas
1400 1964 1450 2015 tum
1509 1990 1510 2029 p

244 2040 396 2106 sanctitas.
432 2039 551 2104 Relerri
565 2040 623 2100 bno
640 2040 726 2102 debet
743 2039 848 2102 concil.
865 2038 1026 2102 Laodicen.
1045 2061 1110 2105 can.
1125 2040 1178 2104 28.
1195 2051 1228 2102 et
1240 2042 1293 2103 57.
1318 2041 1370 2102 nbi
1386 2061 1449 2103 ran-

133 2148 138 2157 ’
244 2141 303 2193 tum
322 2141 387 2193 est:
422 2127 504 2204 „tte
531 2127 668 2208 quoniam
686 2113 831 2191 ecclesiae
853 2138 1011 2209 suppetant
1031 2129 1090 2211 jam
1114 2131 1203 2190 aedes
1225 2148 1347 2206 sacrae,
1375 2146 1449 2191 sacra
1508 2162 1510 2201 ,

185 2284 191 2295 ,
244 2238 361 2302 quoqne
376 2216 407 2276 ia
424 2214 529 2276 iisdem
545 2215 601 2276 rite
624 2223 835 2294 tractarentur,
862 2235 1021 2296 quaerero
1045 2227 1177 2279 avctore
1200 2215 1318 2298 pietatis
1335 2216 1448 2298 legend
1508 2212 1510 2265 ἕ

241 2305 396 2388 profanum
413 2322 499 2365 nsum
517 2300 697 2389 deflexerint,
717 2313 819 2365 contra
836 2303 951 2383 penitus
969 2304 1177 2386 ejicerentur.“
1509 2358 1510 2387 ,

332 2393 394 2454 Nec
410 2411 479 2452 rero
496 2389 543 2451 laio
560 2410 622 2452 mos
642 2402 802 2471 perpetuus
826 2390 977 2453 remansit.
1015 2392 1063 2455 Uti
1087 2392 1162 2454 enim
1187 2392 1262 2453 haec
1278 2390 1447 2456 convicinis
1508 2400 1510 2419 ¹

236 2478 373 2562 ⁴publicis
388 2477 579 2542 concentibus
597 2480 634 2540 ab
651 2477 733 2540 initio
750 2480 949 2557 labebantur,
972 2479 1016 2543 sio
1032 2491 1134 2562 postea
1151 2501 1204 2562 per
1219 2482 1339 2545 decreta
1356 2477 1447 2543 roua·
1507 2534 1508 2538 ,

242 2569 349 2629 llornm
366 2588 383 2630 a
400 2566 515 2647 templis
532 2577 652 2648 propter
667 2567 765 2631 varios
782 2569 894 2630 abusus
911 2577 940 2631 et
955 2568 1137 2651 corruptelas
1148 2570 1173 2649 *l
1195 2569 1317 2632 luerunt
1340 2580 1446 2645 remota,
1507 2597 1508 2642 p

242 2666 272 2720 et
295 2666 404 2719 tantum
429 2675 525 2736 usqne
547 2656 584 2716 ad
611 2665 741 2737 tempora
768 2656 1066 2735 concilidLaodioea.
1094 2678 1162 2721 ann.
1181 2655 1255 2720 346.
1281 2657 1374 2721 lrabiti
1397 2657 1444 2718 du·
1506 2713 1507 2716 ,

242 2755 390 2821 rorarunt,
412 2746 490 2824 quod
507 2743 574 2821 lege
589 2741 733 2824 singulari
752 2745 910 2825 prohibuit,
934 2765 972 2805 no
991 2765 1105 2825 agapae
1121 2745 1151 2805 iu
1168 2743 1305 2808 eeclesiis
1321 2746 1445 2807 institue·
1506 2733 1507 2752 ¹

146 2847 149 2852 “
239 2830 410 2916 mutavi).
456 2829 621 2894 Concilium
646 2832 677 2892 in
703 2831 811 2895 'l'rnllo
836 2852 941 2895 canon.
964 2832 1017 2894 74.
1043 2836 1189 2895 decretum
1216 2827 1290 2893 illud
1318 2834 1444 2908 retinens,
1505 2845 1506 2862 ¹

241 2939 338 3004 panca
355 2927 464 2984 tantum
481 2916 733 3003 addiditmy—
756 2919 784 3002 §.
802 2924 832 2984 6.
855 2922 908 2983 De
926 2920 990 2998 iis,
1010 2920 1078 3001 qui
1097 2919 1443 2982 interfueruntlis
1504 2933 1505 2942 ¹

240 3006 1162 3087 conviciis,reldirigentesrelaccumbentes,
1195 3008 1282 3085 Quod
1300 3006 1442 3070 attinetal

235 3118 311 3177 css,
335 3098 385 3180 qui
401 3099 474 3159 baec
490 3095 623 3159 convivia
640 3096 823 3176 dirigebant,
847 3118 946 3159 eornm
965 3096 1052 3158 etiam
1070 3095 1168 3158 oflicia
1185 3104 1214 3156 et
1231 3096 1352 3175 negotia
1366 3117 1382 3158 a
1397 3095 1442 3157 lu-

237 3187 380 3249 dacorum
405 3184 510 3246 ritibus
534 3177 685 3263 religiosis
712 3187 891 3246 arcessenda
916 3195 985 3246 sunt
1007 3185 1095 3267 idque
1119 3206 1155 3246 eo
1182 3183 1293 3264 majore
1317 3183 1373 3245 lide
1395 3178 1442 3243 tia

240 3280 355 3355 potest,
379 3291 444 3334 cum
461 3291 585 3352 agapae,
611 3280 749 3350 utsupra
765 3272 990 3333 demonstratum
1009 3284 1067 3350 cst,
1087 3270 1227 3353 judaicae
1244 3271 1304 3332 sinl
1321 3269 1443 3350 originis.

127 3431 130 3438 ,
240 3360 325 3441 Apud
342 3360 472 3424 ludaeos
497 3356 643 3438 praesidis
662 3356 789 3420 ollioium
808 3356 938 3440 implerit
955 3359 1180 3442 paterfamilias,
1206 3358 1254 3439 qui
1278 3380 1338 3419 non
1360 3357 1440 3421 solnm

241 3467 363 3510 omnam
386 3446 480 3529 ipsam
503 3444 625 3527 parabat
648 3455 676 3507 et
699 3446 783 3508 cibos
809 3451 1017 3526 consecrabat,
1042 3450 1093 3510 sed
1120 3456 1221 3510 suetas
1247 3445 1334 3508 etiam
1353 3461 1441 3527 preces

239 3524 378 3598 liciebat.
414 3535 510 3612 Quam
527 3532 768 3596 consuetudinem
785 3556 841 3597 usn
856 3534 998 3597 sancitam
1014 3534 1151 3597 Christus
1167 3535 1231 3615 ipse
1249 3533 1377 3600 retinuit.
1404 3532 1439 3592 lta

240 3623 327 3687 etiarn
344 3632 409 3704 post
426 3622 491 3705 ejus
509 3621 674 3684 discessum
692 3621 818 3703 apostoli
835 3622 865 3684 in
883 3621 1010 3685 ecclesia
1025 3622 1294 3704 Hierosolymitana
1314 3622 1439 3689 lecerunt,

165 3719 172 3728 ‘
239 3733 297 3778 nec
314 3732 383 3774 vero
403 3721 436 3773 ut
458 3713 627 3792 saperdotes
652 3709 821 3773 adfuerunt.
859 3711 904 3772 Eo
928 3722 1057 3791 ternpore
1081 3719 1181 3791 patres
1205 3709 1335 3772 familias
1357 3708 1438 3771 adluo

239 3815 350 3863 coenas
372 3799 570 3880 parabant-ot
593 3797 780 3879 dirigebaut3
813 3819 937 3880 cumque
962 3799 1060 3864 Actor.
1084 3796 1123 3877 2,
1149 3798 1201 3862 aa.
1226 3797 1362 3879 legamus
1382 3783 1436 3855 κατ’

242 3942 461 3962 Μ

308 4024 336 4086 *l
363 4024 403 4078 Dc
429 4023 521 4093 quibas
550 4024 603 4075 vid.
626 4021 786 4098 Tertullinus.
819 4011 882 4074 adm
903 4020 996 4089 Psyolr.
1024 4014 1066 4074 ll.
1096 4021 1223 4074 Clemens.
1251 4021 1327 4074 Alex.
1347 4017 1436 4073 heta

236 4098 344 4163 aegra,
366 4095 393 4147 1.
883 4142 888 4151 ,

235 4189 239 4194 ·
305 4165 356 4234 **)
374 4164 473 4218 Canon.
492 4159 543 4220 282
574 4155 615 4213 od
634 4158 680 4212 dei
696 4158 727 4212 ln
744 4161 803 4219 τοῖς
820 4160 961 4228 κυριακοῖς
977 4155 994 4223 ἢ
1012 4156 1044 4211 ἐν
1060 4162 1120 4217 ταῖς
1137 4158 1293 4225 ἐκκλησίαις
1310 4155 1357 4216 τὰς
1369 4155 1436 4221 tepo-

237 4235 325 4305 μένας
351 4225 464 4316 pipinus
490 4233 597 4295 ποιεῖν,
623 4229 670 4282 καὶ
696 4228 728 4281 ἐν
752 4229 790 4296 τῷ
820 4230 887 4296 οἴκῳ
916 4227 966 4281 τοῦ
995 4228 1067 4281 Θεοῦ
1094 4228 1200 4281 ἐσθίειν
1227 4229 1277 4281 καὶ
1302 4217 1435 4290 inscripta

238 4316 424 4439 “llwalslsllllgt
446 4366 479 4421 dl
496 4366 577 4421 τοῦτο
595 4369 688 4420 ποιεῖν
704 4367 872 4438 τολμῶντες,
897 4359 1146 4431 insauciatum
1169 4361 1186 4437 ᾖ
1211 4361 1434 4438 ἀφοριζέσθωσαν.

238 4440 320 4508 Quem
340 4442 468 4492 inlocum
490 4445 676 4490 commentatus
703 4446 743 4490 est
760 4439 896 4491 Balsamou
922 4439 987 4490 baso
1007 4437 1088 4506 verba
1106 4436 1222 4490 faciens:
1257 4436 1432 4506 Διορίζειαιο

237 4506 343 4578 aanor,
360 4504 400 4579 μὴ
418 4500 618 4578 συμποσιάζειν
638 4502 715 4567 τινὰς
733 4506 766 4562 ἐν
783 4507 945 4572 ἐκκλησίαις.
1181 4511 1184 4516 ’
