3067 5075
430 253 466 317 de
482 250 600 337 hymnis
614 250 761 322 eeebsiae
777 252 967 340 apostolieae.
1039 208 1044 218 Ι
1117 216 1120 220 1
1263 257 1308 326 et

75 431 156 495 arto
172 433 229 494 too
243 427 477 495 nommarodotor.
512 430 674 516 Utrumque
690 429 786 496 reiieit
800 433 827 496 J.
843 432 1087 497 Pearsonius
1097 430 1127 514 ⁴)
1142 445 1231 518 atque
1246 439 1304 500 ad·

75 520 196 597 firmat,
215 519 300 581 Lxx
314 519 491 583 venabulum
509 524 634 585 debooob
648 521 715 583 ideo
734 521 859 584 vertisse
876 542 985 602 graece
1001 543 1054 604 per
1068 543 1169 586 rorem
1184 516 1307 607 κύριος,

75 607 224 691 quoniam
248 608 321 670 baeu
338 610 461 671 eandem
477 629 543 670 enm
568 608 624 696 illo
644 610 751 673 babeat
766 608 1012 689 significationem
1033 621 1121 693 atque
1136 611 1234 674 itidem
1250 612 1302 674 in-

74 697 162 759 dieet
184 715 237 758 eus
253 695 378 776 primum
394 706 481 777 atque
496 697 711 778 independens,
735 699 812 780 quod
829 700 867 759 ab
883 699 961 760 omni
976 700 1147 762 aeternitate
1162 700 1257 763 extitit
1273 711 1302 765 et

75 785 113 850 in
130 803 246 846 omnem
263 783 382 846 durabit
396 784 611 861 aeternitatem,
635 805 751 866 semper
766 788 795 846 in
814 788 959 866 praesenti
976 787 1117 851 existens.
1156 788 1252 865 Quam
1268 789 1301 852 iu

76 893 147 935 rem
166 882 306 954 proruent
326 875 363 934 nd
386 872 530 951 originem
546 874 627 936 roris
644 864 751 954 κύριος
767 883 938 957 monetque,
962 878 1041 956 quod
1058 877 1309 957 quemadmodum.

76 980 150 1025 nas*
165 960 205 1022 sit
220 959 259 1022 ab
273 976 337 1034 arn,
354 960 395 1022 ita
410 957 464 1022 illa
479 961 606 1024 derivari
622 964 728 1024 debeat
738 982 756 1024 a
766 982 876 1042 graeco
894 965 982 1026 serbo
999 953 1114 1045 κὺρειι,
1130 967 1206 1044 qued
1224 972 1300 1027 teste

75 1046 236 1131 Hesychia
259 1037 595 1110 ἰι1οιιιοίῑοοιὸιῖιοι
616 1049 661 1112 rel
678 1038 848 1131 ὑπάρχειν,
871 1049 1035 1113 cuiusmodi
1061 1050 1146 1114 etiam
1170 1053 1208 1113 ab
1233 1050 1301 1116 aliis

77 1147 154 1199 sunt
177 1135 346 1215 trodu**).
387 1136 473 1213 Quae
495 1136 545 1197 ubi
569 1137 771 1213 admittamus,
796 1138 885 1217 paulo
908 1148 976 1202 ante
999 1157 1018 1201 a
1041 1140 1127 1200 uobis
1145 1141 1301 1206 observata

78 1223 206 1286 multum
223 1222 446 1300 confirmantur,
467 1223 545 1304 quod
564 1214 679 1305 Κύριος
695 1225 772 1287 idem
788 1224 828 1287 sit
841 1245 877 1287 ae
892 1227 992 1303 Dens3
1014 1225 1073 1288 imo
1088 1227 1184 1309 ipsum
1200 1248 1300 1307 augu-

78 1309 246 1375 stissimum
261 1320 348 1392 atque
359 1310 522 1374 essentiale
538 1311 595 1374 Dei
612 1332 727 1374 nemen.
758 1311 840 1373 Sane
855 1312 941 1374 solus
957 1315 1040 1377 Deus
1057 1325 1111 1391 est,
1128 1315 1178 1376 eni
1193 1336 1300 1378 enuere

3 1477 5 1482 Α
77 1402 234 1473 debemus,
252 1398 389 1480 queniam
401 1398 481 1480 piem
493 1400 628 1462 cantandi
647 1398 818 1462 exercitium
835 1410 948 1481 partem
960 1401 1058 1464 enltns
1073 1402 1208 1483 religiosi
1225 1424 1300 1466 eou-

75 1488 184 1565 stituit,
209 1487 259 1568 qui
277 1488 314 1547 ad
331 1486 426 1548 solum
442 1487 539 1550 Deum
555 1496 677 1568 spectat.
714 1486 911 1550 Satnrtissima
927 1488 1060 1551 Trinitas
1080 1497 1140 1565 est,
1163 1490 1194 1551 in
1212 1490 1298 1552 euius

75 1576 221 1640 bonorem
240 1574 392 1637 cantiones
409 1573 472 1636 lieri
490 1577 597 1638 debent
611 1595 645 1637 nu
664 1594 716 1655 per
740 1595 925 1657 consequens
943 1576 1029 1638 etiam
1046 1578 1134 1639 lesus
1153 1578 1300 1655 Christus,

76 1664 130 1746 qui
152 1663 195 1725 uti
212 1662 319 1725 dieitur
333 1655 456 1743 Κύριος
472 1663 640 1728 nonomine
654 1661 713 1725 ltoe
729 1662 867 1749 divinitas
884 1663 949 1726 eius
972 1663 1051 1728 clare
1069 1664 1231 1744 indicatur,
1256 1666 1309 1728 ita-

75 1762 108 1814 et
126 1749 264 1814 dominus
282 1761 384 1812 nester
400 1760 520 1812 estnon
537 1751 632 1814 solum
648 1771 706 1832 qna
721 1752 816 1828 Deus,
833 1751 982 1815 communi
998 1773 1063 1814 oum
1080 1762 1163 1834 patre
1178 1753 1298 1834 perfec*
1342 1807 1349 1830 ,

76 1839 196 1903 tissima
211 1848 301 1920 atque
315 1837 453 1900 absoluta
469 1837 612 1919 potestate
628 1839 789 1920 praeditus,
814 1859 915 1902 rerum
932 1840 1018 1903 etiam
1033 1851 1120 1921 prout
1136 1851 1238 1902 noster
1253 1848 1300 1903 est

76 1928 233 1994 mediator.
266 1926 425 2006 Postquam
442 1925 519 1990 enim
535 1926 711 2007 sanguinem
728 1947 826 2002 snum,
843 1947 944 1989 rerum
960 1928 1149 1990 redemtionis
1164 1928 1299 2008 pretium,

76 2036 133 2099 pro
148 2013 317 2077 bominibus
333 2013 421 2091 dedit,
437 2014 575 2095 purgarit
591 2013 649 2075 sibi
665 2001 741 2074 λιιὸι
756 2003 948 2090 περιούσιον,
968 2022 1024 2079 mr.
1041 2012 1073 2093 2,
1093 2003 1237 2077 24191
1252 2015 1299 2086 ein

32 2165 37 2172 ,
76 2101 295 2184 περιποίησιν,
321 2103 337 2162 1
357 2108 431 2163 Peto.
447 2099 484 2179 2,
502 2104 533 2165 9.
559 2111 587 2164 et
611 2111 693 2181 pater
707 2099 764 2180 ipsi
783 2099 876 2162 dixit:
900 2112 960 2181 pete
974 2124 994 2164 ιι
1009 2124 1068 2175 me,
1091 2101 1227 2165 nimirum
1244 2107 1298 2182 pio

77 2190 149 2253 iure
163 2200 223 2268 tuo,
244 2190 323 2270 quod
341 2188 392 2249 tibi
411 2198 594 2271 perpaulum
610 2208 723 2251 meeum
739 2187 843 2249 initum
861 2188 1056 2270 adquisivisti,
1079 2201 1105 2254 et
1120 2192 1191 2252 debe
1205 2201 1298 2267 ριιιιιο

76 2277 111 2341 ie
127 2283 325 2360 ροοιιιοίοιιοιιι
340 2287 458 2339 tonaret
473 2277 543 2354 fiaes
558 2284 709 2340 terrenior
725 2273 910 2356 ροιιιιιιίοιιίι
932 2286 1010 2352 tuoe,
1035 2283 1085 2339 Pe.
1105 2277 1160 2353 ll,
1179 2279 1208 2338 8.
1233 2276 1297 2339 Nus

78 2376 195 2443 antem,
229 2385 320 2444 quum
344 2363 410 2425 emti
444 2385 561 2442 sumus,
596 2364 671 2436 iuris
703 2362 797 2425 nestri
829 2383 897 2427 esse
926 2362 1105 2441 desinimus,
1140 2366 1241 2427 lCor.
1264 2361 1297 2441 6,

82 2453 221 2516 rte-20.
237 2453 269 2529 7,
286 2454 338 2515 23.
361 2454 375 2513 l
393 2458 470 2516 Pete.
488 2454 516 2532 l,
536 2454 674 2515 18-19.
691 2455 779 2531 Aper.
795 2448 825 2527 ⁵,
844 2453 874 2515 9.
913 2450 1012 2515 lesum
1029 2451 1176 2517 Christum
1194 2450 1297 2530 igitur,

77 2553 112 2605 ut
129 2541 278 2604 domiuum
294 2551 425 2603 nostrum
443 2542 593 2618 venerari,
613 2540 639 2602 ei
656 2539 766 2602 cultum
783 2539 954 2620 religiosum
972 2538 1131 2621 praestare,
1154 2538 1297 2602 voluntati

78 2629 147 2693 eius
164 2648 269 2709 parere
286 2638 374 2708 atque
390 2628 524 2706 obedire,
547 2628 583 2690 ei.
600 2627 730 2690 earrnina
752 2647 839 2689 saera
860 2647 966 2690 enuere
984 2618 1141 2691 ‘debemus
1179 2625 1297 2707 Hisque

76 2716 213 2799 inprimis
230 2723 283 2792 est,
301 2736 386 2797 quem
402 2715 515 2777 Paulus
532 2714 688 2795 signifieat,
706 2735 794 2796 quum
811 2717 848 2776 ab
860 2714 998 2796 Ephesiis
1014 2736 1050 2777 ae
1066 2714 1298 2777 Colossensibus

78 2805 224 2887 requirat,
249 2813 282 2867 ut
297 2814 405 2865 enoant
417 2800 465 2881 ¹rai
481 2802 601 2882 Kelol„
639 2802 693 2864 llle
711 2801 787 2864 enim
806 2813 850 2864 est
866 2805 996 2864 demissus
1013 2803 1102 2884 isque
1118 2802 1183 2883 ipss
1201 2802 1295 2873 Deus,

79 2894 158 2972 (Aet.
173 2889 227 2971 20,
245 2892 329 2970 28),
354 2893 482 2952 damiatae
497 2896 619 2953 narnium
636 2891 715 2972 (ibid.
739 2887 793 2963 10,
820 2889 907 2965 bib),
933 2892 1062 2951 dontinus
1079 2900 1249 2953 memborum
1270 2898 1297 2949 et

78 2986 228 3043 dormtum
251 2969 349 3056 litem.
368 2981 416 3053 14,
441 2980 504 3059 9.),
528 2980 657 3038 dminus
676 2979 783 3054 gloriae
805 2975 837 3054 (1
858 2978 981 3036 Corintb.
997 2974 1029 3050 2,
1047 2975 1112 3053 8.),
1137 2978 1297 3037 dominere

79 3069 163 3130 orella
180 3067 213 3145 (l
229 3068 353 3129 Gorintb.
371 3062 423 3138 le,
439 3063 881 3147 47.),-ι1ριιιίιιιιοι1οοι1ιιιιιι11ιιιι
899 3063 1000 3142 (Aper.
1013 3063 1065 3139 17,
1084 3065 1133 3123 14.
1152 3059 1202 3134 19,
1222 3061 1296 3141 lli.)-

51 3156 56 3165 “
80 3154 157 3235 Quis
172 3151 266 3231 igitur
280 3152 434 3227 dubitaret,
461 3150 604 3214 eiusmodi
619 3149 729 3230 Κυρίῳ
744 3149 875 3210 οοιιοίοιι
889 3168 976 3211 saera
992 3168 1058 3212 esse
1073 3150 1206 3210 cauenda
1221 3148 1296 3208 boe·

81 3262 138 3325 que
155 3238 320 3323 apostolom
338 3242 377 3301 ab
392 3239 531 3322 Ephesiis
549 3259 583 3301 ae
600 3236 842 3313 Colossensibus,
865 3235 923 3297 inm
940 3239 977 3298 ab
994 3237 1130 3298 erunibus
1148 3234 1295 3298 Christia-

79 3329 127 3392 nis
143 3340 223 3391 rerte
239 3326 414 3408 postularel
447 3328 648 3391 Observarnnt
671 3324 701 3387 id
723 3323 851 3386 aPaulo
875 3323 1086 3406 praescriptum
1110 3334 1296 3405 praeseptum

79 3415 242 3480 Christiani
258 3413 319 3492 illi,
344 3415 394 3498 qui
413 3414 507 3496 prima
525 3425 619 3477 aetate
634 3408 694 3476 sua'
707 3412 737 3473 in
753 3413 855 3473 lesum
871 3410 937 3488 fide,
961 3433 1017 3474 suo
1035 3432 1133 3489 amore
1149 3431 1185 3473 ae
1201 3410 1296 3473 virtu·

81 3505 160 3567 tibus
177 3502 303 3566 maxime
317 3503 490 3565 floruerunt.
527 3503 572 3565 De
596 3499 657 3563 illis
681 3499 757 3569 enim
775 3498 891 3561 Plinius
899 3499 934 3579 †)
958 3501 994 3560 sd
1013 3499 1176 3561 Traianum
1194 3498 1296 3574 refert,

80 3595 153 3676 qnod
168 3602 258 3655 essent
273 3595 368 3673 soliti,
393 3600 468 3654 stote
491 3592 534 3654 die
557 3600 622 3653 ortto
642 3593 729 3652 Ιιιοιιιι
751 3593 895 3650 eonomire
910 3607 1073 3668 normenqae
1090 3590 1199 3649 Gbrirto
1214 3591 1297 3667 quusi

77 3754 306 3774 m

149 3866 177 3934 *)
198 3867 225 3919 in
243 3882 331 3933 expos.
348 3860 428 3934 syrii.
445 3870 530 3931 oport.
552 3879 579 3932 ρ.
595 3861 646 3919 aut
666 3877 702 3914 se.

148 3948 194 4020 **)
211 3952 286 4020 Quod
297 3941 349 4003 voi
361 3943 455 4018 κύριος
471 3948 614 4002 derivando
631 3950 666 4000 sit
685 3964 699 3999 u
716 3963 782 4000 vore
799 3948 852 3994 ’Μ
869 3948 953 4009 aldea
972 3944 1109 4006 condidere,
1128 3944 1196 3996 unde
1213 3942 1300 3990 WB

76 4020 540 4158 {auxiliis'iwrbei'siimm
551 4017 745 4071 Messenius
762 4018 789 4069 in
806 4017 913 4067 histoire
930 4015 1039 4083 critique
1056 4014 1089 4064 de
1103 4016 1132 4064 lo
1144 4014 1298 4081 repetitque

118 4204 125 4210 ·
148 4172 207 4242 W)
228 4176 266 4227 De
284 4190 348 4227 rone
367 4166 470 4243 κύριος,
489 4174 606 4242 inprimis
623 4174 655 4225 de
673 4171 777 4225 Christo
799 4170 917 4223 adbibita
937 4170 1013 4236 pluro
1031 4166 1177 4220 babenti.
1198 4164 1298 4214 Calo·

79 4247 157 4299 vius
178 4245 205 4295 in
222 4246 326 4310 arreptis
345 4244 558 4305 anti-,Socim'om
576 4251 635 4295 tom.
655 4242 679 4295 1.
701 4259 727 4309 p.
747 4242 797 4294 175
816 4255 852 4292 ss.
880 4236 904 4291 J.
923 4237 1133 4290 Peersonius
1151 4236 1178 4284 in
1198 4232 1299 4297 expori-

80 4317 148 4366 tione
166 4312 246 4381 symb.
263 4322 348 4379 apost.
374 4329 400 4380 p.
421 4311 472 4368 951
491 4326 527 4363 ss.
558 4311 590 4363 11.
610 4309 757 4364 Witsius
775 4310 802 4361 iu
822 4309 927 4361 exercit.
949 4307 978 4357 in
999 4306 1078 4375 symb.
1097 4310 1181 4370 apost.
1200 4300 1241 4354 13.
1269 4315 1296 4368 p·

79 4383 132 4443 218
149 4397 185 4433 se.
208 4379 494 4449 Petrusliiingius
512 4380 539 4433 ln
556 4381 617 4436 bist.
634 4381 713 4449 symb.
731 4396 776 4446 ap.
797 4378 823 4430 3.
843 4394 870 4446 ρ.
891 4377 939 4431 115
957 4391 993 4429 ss.

149 4466 183 4538 †)
204 4468 279 4535 enuit.
297 4464 333 4522 X.
354 4464 397 4523 97.
