3067 5075
734 1131 936 1238 XXXV.

229 1371 341 1463 chr.
372 1373 552 1461 Valer.
581 1369 858 1485 Weidling
887 1373 948 1465 de,
969 1371 1225 1487 baptisteriis
1256 1388 1467 1463 veterum

634 1506 1032 1626 Christianorum).

317 1760 345 1847 ξ.
364 1767 393 1827 l.
428 1764 472 1826 Ea
490 1762 596 1826 mentis
612 1763 758 1826 humanae
776 1772 821 1826 est
836 1763 969 1843 indoles,
994 1773 1028 1827 ut
1043 1764 1157 1847 ιιιιιιίιι
1179 1763 1265 1827 ideae
1283 1763 1329 1826 rei
1353 1766 1466 1869 cujus·

229 1854 294 1914 dam
318 1854 564 1915 accidentaless.
589 1853 790 1928 accessorius,
813 1862 846 1914 ιιι
867 1850 957 1933 volgo
982 1867 1139 1928 vocantur,
1165 1862 1342 1947 recurrant,
1377 1854 1467 1921 toties

229 1941 315 2004 etiarn
333 1941 375 2002 rei
392 1941 488 2023 ipsius
506 1943 676 2003 retardetur
691 1940 819 2002 anirnus.
855 1941 934 2003 Hinc
954 1961 1061 2024 operae
1085 1942 1208 2023 pretinm
1232 1918 1280 2003 rire
1302 1941 1466 2004 facturn·

230 2030 496 2107 esseexistiruavi,
521 2029 547 2091 si
567 2029 943 2110 debaptisteriisveternur
961 2029 1209 2106 Christianorum,
1235 2026 1372 2092 materia
1394 2029 1467 2093 satir

189 2198 192 2205 s
230 2120 320 2199 digna
337 2132 435 2180 uestro
452 2079 559 2193 stridis,
585 2122 726 2200 quaedam
744 2120 903 2197 traderem,
926 2138 1019 2199 eoque
1035 2117 1195 2179 lectoribus
1212 2118 1382 2180 benevolis
1403 2119 1466 2181 loe-

230 2210 285 2268 «lus
303 2207 374 2267 iilud
391 2207 621 2279 sanctissimum,
638 2209 714 2288 quod
733 2227 798 2266 cunr
811 2207 874 2267 Deo
890 2226 944 2285 per
961 2205 1134 2286 baptismum
1150 2206 1301 2283 inivimus,
1318 2205 1357 2267 iu
1379 2229 1467 2270 ruen-

230 2305 286 2356 torn
305 2315 484 2355 revocarem.
522 2293 630 2357 Vocem
651 2292 838 2373 baptisterii'
830 2312 925 2373 ipsam
943 2297 1018 2374 quod
1036 2294 1146 2368 attinet,
1171 2291 1246 2355 illu
1237 2305 1316 2356 mter
1333 2308 1465 2375 geute!

230 2382 421 2443 Romanam
410 2403 449 2467 ιι
425 2403 470 2442 uu
489 2392 551 2441 erat
567 2381 729 2442 notissima.
769 2380 843 2442 Cum
861 2381 938 2442 eninr
940 2381 1099 2464 ,quiequid
1118 2383 1154 2442 acl
1171 2380 1303 2462 corporis
1319 2384 1467 2462 pertine·

229 2470 281 2530 bat
298 2452 452 2542 culturam,
478 2465 603 2528 sollicite
621 2480 746 2547 curaret,
766 2471 870 2530 balnea
888 2481 974 2552 atque
992 2471 1120 2533 thermae
1136 2470 1249 2532 Romae
1265 2490 1392 2551 magno
1412 2493 1467 2534 nu·

230 2566 411 2619 meruerant
437 2556 631 2637 conspicuae,
655 2558 684 2619 in
709 2519 816 2638 qtiibus
839 2559 1008 2640 baptisteria
1032 2560 1119 2622 facile
1143 2559 1321 2621 eminebant.
1369 2561 1468 2624 Erant

229 2657 326 2708 autem
343 2644 488 2707 Romanis
504 2644 672 2724 baptisteria
689 2659 767 2730 certa
790 2644 857 2708 lura
880 2644 1040 2708 lotionibus
1056 2648 1169 2722 dicata,
1193 2667 1317 2728 quorum
1336 2646 1466 2711 Plinius

228 2731 338 2814 aliique
363 2755 459 2795 reruru
485 2733 683 2795 Romanarum
717 2735 876 2815 scriptores
902 2735 1075 2816 saepissime
1100 2734 1272 2796 mentionem
1299 2733 1464 2815 injiciunt.

227 2822 300 2882 Erat
317 2819 393 2883 cella
409 2821 527 2898 frigida,
543 2821 825 2904 inquitl'linios”),
842 2822 871 2883 in
890 2843 948 2903 qua
968 2823 1169 2904 baptisterium
1185 2821 1313 2902 amplum
1327 2831 1367 2883 et
1386 2846 1464 2908 opu·

228 2929 305 2972 enm.
328 2945 372 2956 -
404 2910 433 2993 ι.
450 2911 479 2971 2
506 2910 588 2972 llaec
605 2924 700 2972 autern
719 2910 880 2990 baptisterii
898 2932 956 2973 vox
972 2911 1086 2972 tandem
1102 2911 1132 2971 iu
1151 2908 1307 2972 eeclesiam
1324 2908 1398 2975 fuit
1417 2907 1492 2975 itt-¹

227 3001 372 3060 trodrrcta.
406 2998 507 3059 Locus
524 2998 600 3060 eninr
618 3018 644 3060 s.
661 2999 842 3075 aedificium,
866 2999 896 3058 iu
914 3019 971 3080 quo
991 3019 1092 3061 omnes
1110 2997 1244 3079 baptismi
1259 3002 1464 3064 ceremoniae

226 3091 461 3235 peragebantur,
486 3087 715 3165 ipsiaauvtiabat
739 3084 949 3166 baptisterium.
988 3086 1153 3150 Rarissime
1177 3085 1390 3150 tamenetiam
1410 3111 1463 3173 pre

225 3177 292 3258 ipso
309 3174 392 3235 ittof
392 3186 457 3234 onte
474 3192 528 3233 seu
547 3163 769 3253 κολυμβήθρᾳ,
786 3176 822 3233 de
839 3173 940 3256 quc§.
957 3173 989 3236 4.
996 3174 1168 3256 ,usurpari
1186 3186 1322 3248 veterum,
1332 3196 1460 3241 monu-

226 3275 323 3323 menta
339 3259 508 3340 loquuntur.
527 3260 572 3321 Dc
590 3272 713 3361 utroque
728 3261 770 3320 ita
788 3261 1094 3325 babetbnastasius*
1097 3266 1126 3343 *ι
1144 3261 1366 3343 baptisterium,
1388 3267 1464 3348 qnia

224 3352 285 3431 jam
303 3369 373 3425 prae
392 3347 480 3407 nimia
504 3354 647 3410 vetustate
660 3349 768 3408 ruinae
786 3349 948 3428 proximum
972 3363 1034 3411 erat
1051 3362 1078 3412 et
1099 3351 1168 3431 quia
1186 3350 1346 3430 angustior
1368 3350 1463 3417 loeus

228 3435 336 3518 populo
355 3434 509 3507 existebat,
526 3434 574 3514 ιιιιί
594 3437 629 3496 ad
648 3436 823 3515 baptismum
840 3437 1019 3515 ueniebat,
1010 3460 1041 3498 ιιι
1059 3438 1209 3500 meliorem
1228 3438 1322 3500 erexit
1338 3452 1462 3507 statum

225 3538 313 3606 atque
329 3544 444 3585 sacrorn
462 3522 596 3583 iontem
587 3545 617 3588 ιιι
632 3524 727 3586 medio
743 3525 873 3605 largiore
889 3526 982 3606 spatie
999 3527 1139 3589 fundavit
1159 3526 1218 3589 Hie
1233 3536 1329 3587 autent
1353 3527 1461 3609 locus,

226 3636 316 3714 quem
326 3614 385 3691 jam
404 3611 603 3692 baptisterium
622 3614 805 3689 voravimus,
832 3613 891 3675 alic
908 3614 992 3674 etiam
1016 3614 1133 3676 nemine
1155 3612 1370 3696 appellabatur
1389 3640 1461 3696 φω-

224 3694 396 3779 nuncapium
413 3698 497 3760 locus
513 3700 748 3764 illuminationis,
782 3703 873 3782 idque
891 3702 959 3782 quia
975 3701 1184 3802 ΟΙιιιιιιιιοιιιο
1201 3702 1327 3783 aliisque
1347 3708 1460 3789 scrip-

224 3790 337 3850 toribus
362 3788 597 3868 frequentissime
614 3791 774 3871 baptismus
794 3801 916 3850 roratur
938 3776 1081 3865 φῶιισμα
1099 3802 1126 3852 et
1149 3791 1286 3871 baptizati
1305 3790 1460 3858 dicuntur

223 3876 378 3938 illuminati
389 3876 444 3953 †),
470 3877 539 3957 quia
555 3878 627 3939 baec
652 3878 718 3940 loca
734 3888 818 3938 eraut
842 3875 908 3938 loca
923 3874 1148 3940 illuminationis
1164 3899 1220 3941 seu
1236 3877 1459 3964 institutionis,

224 3986 300 4047 quac
317 3964 458 4043 baptismo
475 3967 721 4043 praemittebatur.
761 3965 819 4026 Hic
843 3964 919 4025 euim
940 3964 1140 4030 catechumeni
1157 3967 1259 4048 primis
1276 3965 1344 4028 {idel
1366 3971 1458 4033 ebri-

224 4054 338 4115 stianae
355 4052 506 4114 elementis
525 4050 797 4122 erudiebanturvel
814 4063 892 4114 certe
907 4051 974 4115 lidei
990 4055 1154 4142 symbolum
1172 4056 1370 4122 docebantur.
1408 4059 1457 4123 Itu

222 4219 474 4234 ..μ-ι

289 4313 316 4374 *)
336 4311 413 4394 Proui.
435 4311 507 4378 Lipe.
531 4309 606 4362 1737.
628 4312 655 4361 l.

288 4379 626 4517 :fresta-attint·

289 4520 323 4586 †)
346 4520 410 4575 ria.
433 4519 530 4585 Biaglr.
550 4519 626 4584 θήρ.
644 4516 717 4569 Eori.
738 4518 801 4573 Vol.
818 4517 843 4572 l.
863 4517 909 4575 at.
929 4519 953 4574 1.
975 4536 997 4576 e.
1014 4520 1041 4573 1.
1059 4534 1090 4586 ιι.
1107 4517 1150 4574 36.
