3067 5075
331 690 350 729 ··
399 667 923 824 Praefatio.

567 905 765 927 m

135 1053 263 1143 Paucis
281 1060 420 1147 tantum,
441 1059 562 1127 Lector
581 1058 754 1148 benevole,
776 1058 853 1133 voto
872 1059 933 1146 Te,
955 1060 1076 1153 quippe
1090 1062 1272 1135 ,certiorem

57 1160 117 1243 jam
135 1158 266 1231 ,fuctum
290 1160 331 1232 de
353 1161 452 1249 nujus
476 1164 625 1235 thesauri
646 1170 681 1229 et
704 1164 854 1252 consitio,
877 1162 963 1249 quod
983 1184 1047 1230 non
1063 1156 1177 1252 paucis
1193 1187 1273 1254 pro·
1383 1248 1389 1260 ι

61 1263 157 1330 butum
179 1284 261 1337 osse
285 1285 305 1331 a
327 1267 505 1355 bibliopola
527 1288 599 1335 sum
619 1267 780 1356 edoctus,
807 1273 842 1333 et
864 1269 944 1334 initu
967 1270 1096 1335 rationo
1118 1271 1151 1335 in
1174 1270 1272 1339 soora

60 1367 164 1434 nandis
177 1371 325 1457 singulis
343 1372 417 1458 ejus
437 1373 598 1459 partibus,
621 1372 787 1439 Dehisce
805 1372 955 1438 nimirum
971 1372 1272 1465 dissertationibus,

62 1465 131 1558 quas
152 1475 310 1565 singulae
325 1475 432 1569 'nujus
455 1479 533 1545 tomi
551 1479 696 1567 paginae
714 1479 747 1547 in
765 1484 1005 1565 uuumcoguut
1024 1496 1163 1567 corpus,
1184 1478 1272 1555 idem

60 1576 282 1668 valere-quod
300 1586 377 1665 ante
396 1582 570 1672 biennium,
591 1603 663 1667 oum
682 1583 804 1671 primus
822 1582 931 1669 operis
947 1582 1048 1668 hujus
1064 1589 1172 1649 tomus
1189 1605 1272 1676 pro-

61 1680 145 1771 diret,
166 1686 329 1753 monitum
352 1692 416 1776 est,
432 1706 493 1752 res
515 1689 590 1774 ipsc
611 1688 773 1778 loquiturp
793 1693 948 1774 repetere
970 1688 1002 1755 id
1024 1688 1119 1757 nimis
1138 1690 1270 1776 longum
1291 1762 1293 1769 ,

61 1792 138 1853 esset
156 1795 189 1854 et
211 1791 372 1876 injuriam
391 1791 510 1857 lectori
531 1791 645 1860 iacere
664 1793 741 1856 mibi
763 1791 907 1858 viderer.
953 1793 1054 1860 Suam
1074 1794 1167 1879 ipsae
1188 1812 1270 1860 cona

61 1907 118 1956 sum
136 1916 139 1923 ·
154 1900 259 1980 agant
278 1918 280 1925 ·
298 1898 587 1963 commentationes
625 1898 721 1963 simui
754 1897 808 1961 bie
838 1897 968 1963 oblatae
998 1916 1144 1986 easque,
1182 1897 1270 1965 unde

63 1998 327 2087 commendentur,
351 1998 473 2068 babere
496 2021 692 2089 persuasum
716 1998 793 2066 mitri
815 2004 888 2088 est,
912 2001 998 2066 freto
1017 2002 1072 2068 vei
1095 2002 1175 2067 sotis
1198 2003 1270 2069 cla-

63 2101 249 2187 rissimorum
266 2106 411 2183 virorum
431 2108 627 2195 nominibus,
652 2125 789 2192 quorum
808 2106 873 2189 sub¹
885 2106 1042 2191 auspiciis
1058 2107 1270 2195 scriptionum

62 2200 105 2270 hic
130 2208 343 2276 collectarum
364 2229 484 2296 agnen
510 2217 545 2278 et
567 2211 697 2278 ducitur
723 2214 758 2276 ot
778 2209 950 2277 manditur.
1001 2209 1077 2275 Duo
1103 2211 1269 2281 monuisse

63 2308 205 2403 sufficiat,
240 2334 359 2401 nempe
391 2317 424 2380 in
456 2315 617 2402 Beyeri
649 2317 896 2382 commentario
913 2314 986 2404 „de
1008 2316 1120 2401 rigore
1141 2317 1269 2382 veteris

65 2416 208 2486 ecclesiae
232 2420 324 2486 circa
345 2416 604 2511 poenitentiam“
627 2420 794 2509 nonnulla,
818 2408 903 2506 quae
927 2419 969 2486 ad
989 2440 1058 2487 rem
1076 2413 1268 2488 necessario

64 2537 115 2586 non
131 2522 297 2618 facerent,
320 2525 460 2594 maxime
484 2545 504 2594 e
526 2526 673 2593 literario
695 2545 841 2614 genere,
868 2526 922 2592 hic
945 2526 1012 2592 illic
1034 2545 1111 2592 esse
1133 2527 1268 2615 omissa,

65 2643 98 2691 no
111 2632 198 2714 justo
217 2615 353 2717 longius
373 2632 516 2718 spatium
538 2637 749 2719 occuparet,¹
764 2636 799 2696 et
823 2629 1040 2718 Onupbrii
1062 2631 1268 2697 Panvinii
1364 2675 1366 2682 ,

65 2728 187 2801 tirenum
202 2756 245 2803 eo
261 2736 359 2803 otiam
371 2737 512 2802 consitio
527 2736 581 2801 hic
599 2753 676 2802 esso
690 2735 884 2824 adhibitum,
902 2744 937 2801 ut
952 2736 1165 2802 lectoribuse
1182 2756 1267 2822 pon·

66 2835 216 2907 titiciomm
250 2840 375 2908 inmitia
404 2837 642 2928 quodammodo
668 2839 867 2928 satisfieret,
896 2841 975 2907 iicet
995 2838 1180 2924 negantium
1202 2859 1267 2905 non

65 2939 115 3029 sit,
132 2945 163 3010 tn
183 2946 249 3013 hac
270 2945 449 3034 scriptione
470 2961 542 3013 eam
566 2943 750 3012 desiderari
763 2939 942 3036 ἀκριβείαν,
969 2963 1065 3032 quarn
1094 2949 1127 3008 et
1148 2962 1263 3008 aemu-

65 3041 180 3118 tantur
190 3047 392 3148 plerumque
414 3056 449 3164 et
479 3049 701 3140 assequuntur
740 3068 804 3120 non
837 3068 913 3116 raro
944 3053 1078 3116 nostrae
1117 3047 1264 3118 familiae

66 3153 277 3240 tmiptores.

135 3261 230 3328 Anno
239 3221 414 3351 proriam,
428 3263 459 3327 si
481 3281 536 3329 ros
554 3263 602 3334 ite
621 3261 741 3351 fuant,
763 3262 958 3332 obsatvetnr
977 3259 1070 3326 bicen
1088 3201 1264 3332 thesaurus

67 3353 175 3431 tiendo
195 3368 296 3433 tertio
315 3371 391 3453 ejus
414 3372 513 3457 tomo,
536 3336 826 3434 commentationes
849 3364 891 3432 de
911 3365 1105 3453 bominibus,
1127 3365 1210 3431 iocis
1231 3371 1265 3431 et
1282 3363 1284 3371 “

66 3463 148 3534 rebus
163 3472 271 3539 sacris
288 3471 436 3537 oblaturo
450 3478 618 3560 totumque
635 3492 718 3560 opus
734 3472 817 3539 viris
836 3469 981 3560 doctis,
972 3491 1006 3536 m
1022 3471 1084 3536 boc
1097 3469 1265 3535 literarum

66 3586 171 3655 genere
191 3576 425 3665 versantibus,
456 3576 528 3652 sore
550 3583 721 3665 acceptum
744 3595 844 3661 spero
867 3581 902 3641 et
924 3573 1060 3641 confido.

138 3695 327 3774 scribebam
350 3700 505 3790 Lipsiae,
527 3696 684 3768 Calendis
708 3697 920 3787 Octobribus,
943 3685 1230 3764 nncccxtlxss

553 3982 559 3988 ‚
648 3869 714 3964 cr.
736 3886 786 3961 J.
807 3884 860 3958 n.
889 3837 1177 3986 uorueurng.
1287 3875 1304 3885 “
