3067 5075
248 260 252 263 ’
338 277 378 342 do
393 273 510 358 origine
526 278 774 359 agapmum‘rott.
789 255 1036 345 adrium.
1238 275 1302 343 m

104 444 243 515 consolatu
256 448 441 515 Rubellionis
458 449 576 517 vlunt.
592 448 721 532 Aprilis3
748 449 902 511 adscendit
926 456 1023 511 auten
1039 447 1184 512 amiam
1200 458 1303 514 noster
1409 528 1416 533 μ

100 538 136 599 111
150 559 237 601 nonas
255 538 370 618 Maias,
394 539 502 607 missos
521 550 566 602 est
589 549 686 603 autern
703 536 834 618 Spiritus
850 536 884 599 S.
909 534 976 599 idus
992 535 1107 614 Maias,
1130 538 1217 620 cujus
1237 537 1304 601 cnl-

79 634 85 647 ‘
102 625 151 689 culi
167 626 270 689 veritas
287 649 323 689 ex
339 647 490 691 consensu
504 626 695 708 plurimorum
712 622 953 687 kalendarinrum
969 622 1304 708 martyrologiorunpue

101 716 132 776 ab
147 724 241 776 autore
258 709 545 779 commemoratorum
561 724 651 797 patet,
669 715 699 777 in
716 713 826 795 quibus
843 711 980 775 omnibus
998 711 1038 777 Vl
1050 710 1221 795 11111111.
1237 713 1304 777 dies

101 803 312 865 resurrectionis
328 803 446 886 Domini
472 804 645 884 designatur
661 821 811 884 pronaque
834 802 873 863 ad
896 798 982 862 fidem
1004 798 1170 863 laciendum
1195 823 1304 866 wusc-

101 889 205 970 puentia
220 893 258 953 ad
274 890 344 955 idus
361 892 459 975 Majes
478 890 634 955 effusionis
651 887 781 973 Spiritus
794 888 828 952 S.
845 899 986 969 ortusque
1003 908 1166 970 agaparnrn
1185 899 1303 973 unpns

99 977 221 1040 refertor.
245 1013 286 1024 -
310 979 338 1062 b.
354 979 407 1043 20.
430 979 627 1042 Tilomanuus
643 980 671 1041 d.
691 975 831 1043 Selreuclr
845 997 899 1057 pro
914 975 1079 1039 assertione
1094 997 1151 1039 sua
1167 998 1228 1040 nen
1245 999 1301 1061 pe·

100 1063 159 1141 tuit,
182 1066 250 1146 quin
273 1066 363 1146 longe
386 1065 483 1129 serios
509 1078 587 1131 ortas
603 1085 719 1148 agapas
741 1057 893 1141 statuirit,
913 1062 1051 1127 nimirum
1072 1072 1141 1146 post
1163 1066 1305 1148 scripta·

99 1152 211 1233 priorem
228 1157 264 1215 ad
283 1154 452 1217 Corinthios
470 1155 641 1236 epistolam,
667 1153 749 1215 eirea
771 1172 880 1213 annum
904 1149 1039 1213 nimirum
1060 1152 1216 1216 aCbristc
1233 1164 1302 1218 nato

100 1240 362 1322 quinquagesimum
387 1254 415 1304 et
438 1246 619 1306 secundum:
653 1242 760 1303 Deinde
780 1246 830 1302 cic
852 1245 908 1302 trio
925 1242 1016 1302 histro
1032 1240 1193 1321 ethanim,
1217 1264 1302 1324 prum

100 1350 195 1408 opopos
208 1353 262 1391 noa
280 1332 361 1392 modo
376 1333 479 1408 Jados,
500 1334 548 1393 scd
566 1342 591 1392 et
610 1337 711 1390 Petrae
728 1330 929 1409 epistolissuis
946 1328 1113 1407 praedicent,
1136 1335 1192 1392 imo
1206 1338 1303 1395 1111111

99 1417 148 1477 iem
161 1424 332 1479 contraxisse
349 1421 525 1498 perhibeant,
554 1438 629 1500 qnae
645 1427 740 1478 tamen
759 1412 906 1477 sententia
928 1413 995 1499 ipsa
1019 1416 1131 1476 autoris
1148 1417 1301 1480 dubitandi

100 1503 242 1566 rationein
267 1505 387 1566 dubium
414 1527 471 1567 non
499 1507 582 1566 modo
602 1503 720 1579 vocari,
746 1504 801 1564 scd
824 1501 920 1563 refelli
943 1502 1030 1563 etiarn
1055 1503 1173 1566 orrrnino
1194 1516 1301 1588 potest,

100 1594 166 1669 quod
185 1593 329 1673 scriptura
354 1615 379 1655 s.
403 1593 474 1655 nibil
500 1592 573 1656 certi
597 1595 633 1654 de
659 1595 761 1653 eadem
788 1600 1009 1667 commemoret,
1045 1593 1097 1653 sed
1122 1595 1300 1657 contrarium

100 1679 161 1739 adeo
176 1679 299 1743 inmutat.
323 1717 366 1725 —
389 1682 417 1765 b.
434 1682 486 1744 21.
515 1681 694 1758 luventigata
708 1679 769 1761 jann
788 1677 912 1757 origine,
930 1698 1015 1758 quem
1033 1679 1070 1739 ad
1085 1677 1302 1748 linemretsres

100 1772 244 1847 agaparrim
264 1767 496 1830 exhibendorum
514 1767 668 1829 consilium
686 1764 855 1841 direxerint,
872 1765 1024 1827 declarare
1041 1768 1210 1847 aggrediar.
1233 1772 1301 1833 Duc

99 1850 150 1913 illis
165 1856 312 1935 proposita
327 1855 433 1933 fuisse,
452 1854 618 1918 cotelerius
635 1853 680 1938 (in
697 1853 773 1915 notis
788 1854 824 1914 ad
839 1853 942 1915 Const.
959 1853 1061 1934 Apost.
1073 1852 1127 1933 28,
1144 1858 1186 1934 2.)
1204 1868 1301 1938 potat:

100 1945 201 2021 dpnpon
218 1947 374 2006 introducit
390 1948 558 2005 clerintiannc
573 1946 715 2020 religionis
729 1948 821 2022 primo
838 1946 1003 2021 antiquitas,
1019 1963 1080 2002 cnm
1096 1954 1210 2022 propter
1224 1968 1301 2008 coar-

101 2036 239 2092 monioncm
260 2042 288 2092 ct
316 2038 482 2108 amicitiam,
511 2042 568 2092 tonr
586 2040 699 2110 proptor
723 2031 888 2090 alimoniam
911 2031 1070 2089 clericorum
1088 2040 1114 2091 et
1137 2052 1300 2114 pauperum,

66 2138 72 2147 ¹
100 2121 161 2177 ande
177 2141 279 2198 opopea
305 2141 404 2180 nomen
426 2114 611 2194 elcenrospnnc
635 2120 770 2181 duantum
795 2138 878 2196 coepe
899 2122 1044 2196 reperitur.
1080 2116 1243 2198 Triplicem
1263 2122 1300 2182 ob
1330 2128 1334 2139 ¹

102 2221 205 2268 cansam
224 2204 390 2269 invaluisse
409 2226 461 2268 eas
479 2205 606 2269 Witsins
623 2206 674 2283 (ad
691 2205 758 2266 lud.
779 2205 844 2289 12.)
864 2214 892 2264 et
907 2203 1106 2284 spanhemius
1122 2206 1244 2286 (lutrod.
1263 2211 1299 2270 ad

101 2292 214 2356 chronol.
229 2315 258 2374 p.
274 2293 365 2373 209.)
383 2296 507 2355 tradunt.
544 2292 642 2355 Primo
659 2291 785 2373 quidem,
810 2300 842 2352 nt
857 2311 982 2373 agapae,
1002 2313 1060 2372 qua
1075 2293 1108 2373 =in
1123 2315 1156 2357 re
1172 2295 1300 2376 scripto·

101 2399 140 2440 ros
155 2381 182 2441 in
198 2383 367 2453 universum
386 2402 486 2444 omnes
512 2379 715 2456 consentiunt,
740 2391 840 2465 essent
865 2378 1030 2461 symbolum
1052 2381 1174 2444 fraterni
1192 2384 1301 2448 amoris

101 2473 124 2527 rt
137 2469 265 2546 caritatis,
285 2469 344 2530 inno
362 2490 430 2532 tero
447 2490 505 2530 non
523 2466 688 2552 symbolum
701 2477 810 2531 tantum
826 2470 878 2528 sed
895 2467 1113 2532 incitamentum
1130 2471 1215 2538 etiam
1234 2472 1301 2535 exi·

100 2565 164 2619 stere
187 2560 325 2621 debuisse
348 2557 527 2639 putaverim,
551 2576 690 2638 quorsum
713 2553 789 2616 illud
814 2554 974 2638 Bulengeri
998 2559 1048 2634 (do
1076 2560 1188 2623 connis.
1208 2562 1243 2639 l,
1269 2565 1299 2625 0.

100 2662 122 2721 p.
137 2644 197 2724 20.)
219 2647 340 2709 refero:
375 2654 501 2708 Veterum
522 2648 745 2708 obrutionoram
768 2634 884 2723 cipriano
908 2656 973 2725 post
994 2668 1106 2708 sacram
1122 2655 1244 2724 mannia
1261 2653 1301 2712 nd

100 2738 235 2795 amicitiam
251 2736 363 2797 oolidnc
379 2744 469 2796 erant.
501 2733 619 2810 lterum,
637 2742 668 2794 nt
680 2753 818 2813 pauperes
833 2732 1018 2814 reficerentur,
1034 2735 1120 2817 eujus
1137 2737 1178 2798 rei
1198 2748 1299 2800 testem

102 2816 148 2880 cito
163 2820 378 2886 Tertullianum
395 2823 474 2899 (adv.
491 2830 572 2901 gent.
584 2821 668 2894 39.):
683 2826 779 2901 inopes
794 2826 848 2881 isto
864 2822 1008 2900 refrigerio
1022 2824 1162 2898 insamae,
1184 2825 1299 2907 Tertio,

99 2914 125 2966 ut
138 2913 163 2968 in
177 2915 212 2971 iia
225 2911 307 2986 {ieret
324 2915 545 2972 ccmnmmorotio
563 2914 661 2969 mortis
678 2910 781 2969 Glrristi
797 2917 822 2968 et
839 2909 1016 2987 frangeretur
1030 2917 1116 2989 ponis
1131 2916 1299 2988 archoristi-

100 3013 147 3057 crs.
178 2996 358 3059 contradicit
374 2997 489 3077 quidem
507 2995 726 3076 Albaspiuaeus
745 2993 797 3078 (de
814 3005 870 3055 ret.
896 2993 970 3058 eccl.
992 2996 1072 3061 ritib,
1087 2998 1110 3061 1.
1130 2998 1203 3064 Obs.
1223 3001 1298 3081 111),
1339 2993 1360 3010 “’

99 3094 230 3165 negatque
245 3106 362 3148 sacram
381 3104 500 3147 coenam
518 3103 646 3165 unquam
664 3102 729 3143 eum
745 3082 852 3163 agapis
870 3081 1046 3148 celebratam
1063 3085 1168 3165 fuisse,
1192 3087 1243 3167 ita,
1267 3099 1300 3151 ut

99 3186 145 3229 nec
160 3173 352 3251 praecesserit
366 3193 479 3254 agapas
497 3170 675 3234 eucharistia
693 3191 749 3233 nee
770 3181 874 3232 secuta
894 3170 998 3250 luerit,
1023 3176 1075 3235 sed
1093 3174 1256 3256 scripturae
1272 3196 1298 3240 s.

98 3257 247 3322 testimonio
267 3272 441 3343 patrumque
458 3260 569 3341 primae
589 3258 745 3330 ecclesiae,
762 3258 882 3339 lustini,
898 3258 1109 3343 Chrysostomi,
1126 3258 1299 3347 Hieronymi
1413 3264 1419 3285 ¹

99 3348 243 3415 autoritate,
262 3346 406 3410 facillimo
436 3347 554 3428 negotio
580 3345 684 3409 confici
710 3356 820 3427 potest,
853 3348 1048 3412 eucharistiae
1072 3352 1298 3415 celebrationem

100 3449 154 3494 cum
170 3437 285 3517 agapis,
311 3435 423 3499 etiamsi
449 3456 508 3497 nou
534 3455 666 3515 semper,
690 3434 874 3517 conjunctam
892 3436 996 3513 fnisse,
1019 3437 1060 3516 id,
1085 3442 1162 3520 qnod
1178 3440 1300 3505 insecu-

99 3526 155 3583 tura
177 3524 388 3605 disputatione,
413 3522 463 3585 ubi
490 3527 526 3585 de
543 3532 671 3603 tempore
688 3529 717 3584 et
735 3520 802 3583 loeo
819 3523 926 3603 agapis
945 3524 1103 3605 adsignato
1120 3529 1227 3607 agendi
1244 3529 1299 3591 erit

100 3608 213 3691 occasio,
227 3612 326 3675 fusius
343 3630 504 3694 persequar
520 3621 550 3673 et
562 3611 697 3672 >uberius
722 3642 767 3654 —
795 3609 823 3692 ᾗ.
840 3610 893 3673 22.
920 3612 976 3672 His
993 3632 1011 3673 a
1029 3612 1135 3675 Witsio
1154 3623 1183 3676 et
1198 3616 1300 3697 Span-

98 3690 181 3758 hemio
197 3701 373 3763 enumeratis
388 3710 490 3781 quarto
506 3697 591 3760 etiam
605 3698 670 3758 loeo
682 3695 756 3770 illud
767 3696 896 3778 adjicere
908 3696 1006 3777 liceat,
1025 3699 1190 3765 celebratas
1203 3703 1299 3769 fuisse

99 3798 217 3867 agapas,
241 3800 273 3849 nt
298 3787 406 3850 mutuis
423 3785 674 3850 adhortationibus
690 3793 783 3846 semet
798 3788 833 3845 ad
852 3787 944 3849 bonas
964 3797 992 3848 et
1007 3788 1147 3854 honestas
1165 3793 1298 3857 actiones

99 3872 289 3954 suseipiondas
312 3877 437 3939 invicem
461 3883 654 3956 provocarent
672 3871 843 3935 Christiani.
881 3873 927 3935 lta
943 3874 1019 3937 enim
1036 3875 1151 3943 Plinius
1167 3880 1228 3963 (ep.
1247 3881 1300 3960 10,

100 3954 166 4036 07),
183 3961 228 4025 eni
247 3984 404 4026 causarum
421 3961 550 4044 cognitio
567 3963 604 4024 ab
622 3960 796 4041 imperatore
814 3963 988 4025 demandata
1004 3964 1111 4045 fuerat,
1128 3969 1300 4033 nuntiabatz

99 4043 257 4113 adfirmasse
283 4051 488 4129 Christianos,
512 4070 545 4112 ss
569 4057 752 4112 sacramento
774 4069 833 4110 uon
856 4049 887 4111 in
912 4052 1013 4115 scelos
1036 4053 1154 4136 aliquod
1179 4076 1213 4119 se
1241 4059 1297 4119 ob·

99 4130 240 4215 stringere,
257 4141 308 4201 sed
324 4161 360 4203 ne
372 4140 461 4217 suria,
477 4159 515 4199 ne
526 4136 691 4215 latrocinia,
708 4157 744 4199 ue
761 4137 908 4200 adulteria
926 4135 1143 4220 committerent,
1160 4164 1196 4206 nc
1212 4144 1299 4209 tidem

98 4213 229 4303 fallerent,
253 4248 291 4288 ne
307 4228 469 4310 depositum
489 4223 629 4306 adpellati
647 4227 840 4306 abnegarent.
872 4226 1006 4309 vestigia
1022 4229 1112 4312 hujus
1127 4229 1169 4292 rei
1187 4235 1298 4300 11110.

98 4307 184 4370 adhuc
202 4313 467 4395 deprehenduntnr.
501 4315 598 4392 Quum
617 4312 693 4375 enim
712 4320 834 4376 eatenus
851 4335 909 4377 non
928 4316 1117 4397 contigisset,
1140 4327 1173 4380 ut
1188 4317 1227 4399 ii,
1247 4324 1298 4403 qui

97 4391 242 4491 christiano
259 4404 375 4468 nornine
392 4403 516 4483 indigna
532 4399 728 4476 admisissent,
745 4402 783 4464 ad
798 4422 912 4485 agapas
928 4406 1120 4485 accederent,
1140 4428 1198 4489 qua
1213 4411 1250 4472 de
1265 4432 1299 4474 re

95 4480 166 4546 11111
180 4486 313 4566 pluribus
328 4489 492 4560 disserendi
509 4490 597 4558 lucus
609 4489 686 4570 erit,
709 4488 876 4572 1111511111
890 4490 940 4560 Μ.
953 4513 1014 4575 qun
1035 4503 1100 4557 crat
1118 4495 1297 4563 humanitate

137 4584 458 4645 animumanimumum,
1014 4591 1019 4610 ἦ
1050 4597 1094 4661 13
