3067 5075
352 264 390 329 de
404 263 584 348 baptisteriis
602 269 734 343 veterum
750 263 996 339 Christianorum.
1217 270 1283 337 tte

66 442 141 505 eninr
157 418 362 503 iu'conrruent.
385 437 415 501 in
434 440 518 522 epist.
538 440 653 505 Paulin.
672 440 839 523 exemplum
864 463 964 505 eorum
990 443 1126 525 subjicit,
1152 445 1201 527 qni
1228 467 1291 527 pro·

69 530 187 595 mortuis
205 528 436 610 baptizabantur,
454 530 479 590 si
499 550 585 611 quem
601 551 678 591 mors
694 531 906 610 praevenisset,
922 532 1066 607 timentes,
1085 552 1121 593 ne
1138 545 1189 594 aut
1206 535 1281 598 mate

68 630 190 683 autnon
211 627 389 697 resurgeret,
414 617 463 699 qui
481 620 644 697 baptizatas
660 639 717 678 non
737 618 843 694 fuerat,
869 619 952 680 virus
970 621 1086 681 nomine
1102 622 1204 683 mortui
1222 623 1282 683 tin·

70 710 202 788 gebatur,
242 704 306 779 llli,
332 704 381 785 qui
399 705 540 767 historiae
557 706 629 767 eccl.
647 706 732 767 nobis
748 709 867 768 tradunt
884 719 1083 783 monumenta,
1108 710 1282 773 mentionem

69 795 178 857 faciunt
194 795 377 874 quorundam
396 794 619 867 haereticorum,
630 795 720 864 ,inter
737 816 812 874 quos
827 795 875 855 hic
892 796 1055 876 baptismus
1072 817 1129 857 usu
1146 807 1282 877 receptos

69 882 153 944 fuerit
173 881 314 943 vicarius.
352 880 534 947 cerinthiani
560 882 678 942 fuerunt
701 900 762 943 sec.
780 882 804 944 l.
827 881 985 959 haeretiei,
1010 884 1139 946 Corinthi
1157 886 1282 948 hominis

71 968 249 1051 spurcissimi
274 965 411 1045 soboles,
425 969 488 1051 qui
504 970 599 1031 rivunr
616 970 649 1030 in
666 969 761 1031 locum
780 970 909 1031 defuncti
921 970 991 1039 ,siue
1009 972 1151 1052 haptisrno
1167 972 1282 1034 substi-

71 1065 179 1120 tuentes
198 1056 396 1135 baptizabant.
434 1057 477 1118 lta
494 1057 580 1118 nohis
598 1056 677 1117 hunc
697 1058 801 1133 ritum,
826 1077 882 1119 sno
900 1070 1029 1140 ternpore
1044 1059 1200 1136 usitatum,
1226 1064 1281 1123 dc-

72 1145 165 1207 scribit
181 1145 427 1225 chrysostomum
456 1146 583 1223 Quando
601 1143 711 1226 aliquis
729 1145 957 1209 catechumenus
975 1148 1103 1223 moritur,
1121 1160 1179 1208 tum
1197 1147 1281 1209 ιὶιιιι

73 1234 181 1314 quidem
200 1234 309 1311 subter>
329 1231 427 1292 denati
451 1230 517 1293 loce
543 1233 701 1308 recumbit,
726 1234 937 1295 accedentibus
961 1233 1044 1311 aliis,
1069 1235 1118 1315 qui
1137 1247 1282 1297 mortuum

72 1328 179 1400 rogant,
198 1339 310 1381 numne
326 1319 468 1399 baptizari
486 1319 579 1382 veliti
606 1320 654 1401 qui
672 1340 737 1381 cum
756 1323 1010 1400 nonrespondere
1028 1324 1129 1402 possit,
1155 1344 1282 1404 respou-

72 1428 129 1469 sum
144 1410 193 1468 dat
208 1410 313 1468 subter
335 1407 410 1469 lecto
432 1407 537 1488 jacens
555 1416 642 1488 atque
658 1429 692 1469 se
710 1406 784 1469 nelle
801 1408 941 1488 baptizari
961 1419 989 1470 et
1006 1408 1050 1469 sic
1066 1409 1212 1490 baptizant
1232 1413 1281 1491 ip·

73 1516 130 1576 sum
147 1495 208 1555 rice
229 1493 345 1556 mortui.
382 1495 500 1574 Negare
519 1494 635 1575 quidem
653 1517 711 1556 uon
728 1507 868 1575 possunt,
893 1497 971 1576 quod
998 1506 1104 1557 tantam
1130 1498 1185 1558 hac
1200 1497 1230 1558 in
1249 1518 1282 1560 re

74 1583 269 1644 certitudinem
287 1602 343 1642 uon
360 1579 499 1659 habeant,
522 1594 554 1644 ut
572 1593 632 1644 toto
652 1586 688 1643 ad
708 1583 873 1644 clarissima
890 1582 1078 1645 historiarum
1095 1594 1282 1648 monumenta

72 1689 223 1752 prorocarc
244 1670 377 1750 possint;
402 1669 584 1749 argumentis
603 1685 698 1732 tamen
714 1691 767 1751 pro
792 1690 848 1731 suo
865 1678 980 1732 asserto
998 1692 1056 1731 uon
1075 1673 1301 1753 destituuntur.⁸

72 1759 131 1820 Non
146 1759 232 1834 enim,
261 1758 338 1838 qnod
355 1756 449 1836 primo
465 1758 531 1819 loco
548 1759 771 1841 nominandum,
796 1757 964 1840 proprietati
983 1762 1136 1820 verborum
1155 1757 1283 1839 apostoli

74 1858 210 1926 repugnat
227 1845 382 1925 expositio.
423 1844 513 1908 Vocis
530 1845 606 1907 enirn
624 1845 761 1926 baptismi
785 1858 932 1927 receptum
949 1845 1108 1908 retinemus
1127 1846 1282 1924 signitica-

61 1930 143 2009 ‘turn,
166 1948 299 1995 mortuos
319 1931 511 2011 intelligimus
527 1934 643 2015 proprie
669 1934 714 1994 sic
730 1933 842 2009 dictos,
867 1935 925 1995 imo
949 1933 1015 2014 ipsa
1037 1929 1282 2014 particularitate

74 2039 160 2098 snum,
186 2022 238 2101 qui
258 2029 286 2080 et
304 2019 445 2081 tironibus
462 2027 549 2082 notus
565 2028 620 2094 est,
645 2019 732 2082 habet
748 2019 955 2100 significatum.
995 2022 1082 2098 Quod
1100 2030 1197 2083 antem
1214 2021 1244 2081 lr.
1261 2020 1282 2082 l.

75 2107 175 2170 Paulus
191 2130 228 2170 ex
248 2107 323 2188 ipsis
341 2107 576 2170 adversariorum
593 2109 721 2189 disputet
737 2107 905 2188 principiis,
930 2128 967 2169 ex
991 2108 1174 2189 oppositione
1198 2106 1281 2170 illins

75 2195 179 2274 probari
196 2215 289 2276 posse
309 2194 431 2257 ridetur.
471 2196 502 2256 ln
518 2189 677 2274 hoc’eniru,
703 2217 789 2277 quem
807 2195 1012 2275 explicandum
1029 2197 1197 2270 snrnsimns,
1216 2195 1281 2256 loco

75 2281 175 2344 Paulus
199 2281 333 2364 loquitur
355 2282 385 2343 iu
410 2283 495 2344 tertia
514 2304 656 2362 persona,
683 2303 748 2345 cum
767 2283 946 2345 econtrario
971 2296 1112 2344 commate
1129 2293 1281 2363 sequente,

76 2388 131 2430 cun
152 2373 185 2432 do
210 2369 374 2451 semetipso
401 2368 581 2452 reliquisque
598 2370 775 2433 Christianis
800 2392 962 2433 sermonem
985 2370 1133 2448 instituat,
1158 2371 1282 2451 primam

77 2457 207 2520 adhibeat.
249 2457 333 2519 Haec
351 2467 446 2519 autem
464 2478 655 2540 personarum
676 2459 795 2520 mutatio
811 2480 869 2520 non
887 2457 944 2520 nisi
964 2479 999 2520 ex
1017 2460 1216 2541 sntq'ectorum
1235 2459 1283 2519 di-

77 2546 200 2609 rcrsitate
216 2546 290 2607 oriri
309 2546 430 2608 videtur.
466 2546 566 2614 Posito
584 2547 670 2624 enim,
689 2551 764 2630 quud
783 2548 810 2609 h.
831 2549 849 2609 l.
868 2545 1019 2628 apostolos
1038 2569 1090 2624 per
1107 2548 1283 2628 baptismum

79 2652 158 2713 super
173 2646 305 2697 mortuns
320 2632 474 2713 intelligat,
500 2645 533 2696 ιιι
550 2635 683 2696 nonnulli
702 2635 870 2697 existimant
885 2635 1069 2715 interpretes,
1086 2635 1161 2716 quod
1180 2655 1283 2696 exeru-

79 2720 120 2799 plo
135 2734 289 2804 martyrum
308 2722 424 2783 excitati
444 2721 502 2783 sint
520 2721 637 2803 quidam
655 2725 691 2785 ad
715 2723 919 2801 accipiendum
942 2724 1133 2802 baptismum,
1159 2733 1191 2782 ut
1208 2741 1282 2783 eau-

66 2808 135 2868 ¹dem
151 2810 226 2888 olim,
253 2831 340 2893 quarn
357 2806 402 2869 illi
416 2809 476 2889 jorn
495 2811 661 2890 possident,
686 2810 895 2872 nanciscantur
911 2809 1089 2886 felicitatem,
1115 2827 1206 2890 quare
1224 2830 1282 2870 uon

81 2894 195 2975 loquitur
208 2898 238 2958 iu
257 2897 350 2979 prima
368 2916 505 2978 persona,
525 2918 590 2958 cnm
608 2905 703 2959 tamen
725 2901 825 2959 eadem
842 2918 895 2977 spe
911 2896 977 2958 freti
995 2897 1138 2959 Corinthii
1154 2897 1300 2977 aecepe?

80 2980 128 3043 rint
143 2985 339 3066 baptismum‘t
378 2985 436 3045 lrno
455 2984 549 3045 omnis
567 2985 654 3046 totins
672 2984 815 3065 epistolae
833 2983 900 3043 finis
917 2984 947 3043 in
965 3005 999 3044 oo
1016 2984 1132 3063 positos
1149 2982 1220 3044 milri
1235 2984 1283 3045 ni-

81 3070 168 3148 dctnr,
192 3084 224 3134 ιιι
248 3070 454 3146 adversarios,
477 3065 794 3153 quos⁸frequentiores
819 3070 979 3132 Corinthiis
1005 3090 1073 3132 esse
1096 3068 1283 3132 intellexerat

81 3159 225 3236 apostolus,
245 3160 385 3223 confutet.
422 3159 496 3221 Cum
517 3160 614 3240 itaque
633 3181 669 3221 cx
683 3160 743 3238 jam
762 3158 849 3219 dictis
867 3168 1017 3237 appareat,
1037 3159 1112 3239 qnod
1130 3156 1283 3237 apostolus

81 3239 129 3304 hoc
143 3245 171 3306 in
194 3247 259 3309 loco
285 3268 351 3309 cum
374 3246 554 3309 adversariis
577 3240 641 3306 κατ’
668 3239 843 3324 ἄνθρωποι
867 3246 1010 3326 disputet,
1035 3246 1183 3327 quaeritur
1206 3246 1283 3327 jure,

83 3330 185 3410 quinam
201 3334 312 3398 fuerint
328 3334 357 3396 bi
375 3334 560 3396 adversante
598 3333 659 3410 llli,
684 3334 731 3415 qui
748 3334 900 3395 historiam
918 3333 1036 3413 lataque
1053 3333 1197 3394 ecclesiae
1215 3333 1283 3395 indu

84 3420 210 3496 oprimis
234 3423 368 3485 referunt
390 3420 501 3497 initiis,
526 3432 677 3496 asserunt,
702 3425 779 3503 quod
805 3440 866 3484 sec.
884 3423 906 3482 l.
929 3418 1017 3483 fuerit
1035 3419 1191 3482 Corinthus
1217 3441 1284 3481 cunr

24 3503 29 3518 '
84 3505 165 3568 nolae
180 3508 245 3573 fidei
263 3510 362 3585 sociis,
387 3510 435 3590 qui
454 3509 529 3570 inter
545 3508 620 3571 alios
637 3530 752 3571 errores
772 3529 857 3589 quarn
876 3505 1018 3588 plurimos
1038 3509 1212 3587 baptismum
1229 3509 1283 3568 de-

84 3588 163 3653 fendit
178 3596 319 3659 ricarium
329 3621 339 3674 3
362 3597 509 3679 quidquod
526 3596 685 3675 adjiciunt,
710 3599 786 3677 qnod
812 3598 888 3658 hunc
906 3595 999 3676 ipsum
1019 3593 1114 3656 lorum
1132 3594 1284 3672 apostolus

85 3672 125 3738 bis
147 3681 302 3747 cerinthiis
332 3684 510 3766 opposuerit.
557 3683 721 3745 Provocant
751 3686 788 3745 ad
814 3683 1008 3744 testimonium
1035 3682 1091 3743 fide
1115 3682 1307 3766 dignissimi*

85 3760 228 3847 Epiphanii
247 3774 374 3851 [haeres.
390 3772 458 3852 28.)
478 3767 526 3852 qni
546 3770 646 3849 refert,
670 3772 746 3853 quod
764 3791 782 3832 n
799 3771 959 3852 majoribus
977 3770 1110 3832 traditum
1128 3770 1285 3849 acceperit,

88 3856 281 3937 quodquidam
299 3881 336 3920 ex
346 3859 601 3922 cerinthianorum
617 3879 727 3939 genere
744 3879 855 3933 eorum,
872 3858 922 3942 qni
938 3858 1014 3919 fort!
1025 3858 1097 3919 citra
1110 3857 1285 3937 baptismum

87 3955 274 4021 excesserunt,
298 3946 414 4008 uonrine
433 3947 607 4028 baptismum
624 3946 816 4027 susceperint,
840 3947 947 4026 quibus
964 3945 1077 4007 Paulos
1095 3947 1172 4006 huno
1188 3945 1285 4006 lorum

89 4021 191 4109 utaque
201 4032 236 4112 *)·
245 4034 374 4117 opponit.
408 4035 499 4096 Porro
517 4034 633 4113 asserit,
651 4037 728 4117 qnod
745 4034 896 4096 auditione
911 4035 948 4095 ad
964 4033 1060 4116 ipsum
1078 4034 1117 4095 sit
1133 4033 1285 4115 perlatum,

91 4165 297 4193 “””’·---

148 4262 175 4332 ‘)
193 4269 247 4323 Non
264 4281 319 4338 cst,
347 4274 414 4342 quod
432 4275 495 4326 mihi
513 4275 637 4342 objicies,
664 4274 731 4341 qnod
751 4273 890 4326 Corinthus
908 4289 965 4326 corn
991 4274 1046 4326 suis
1069 4271 1287 4325 resurrectionem

92 4338 232 4414 ttt&brorum
251 4360 378 4411 nunqnam
397 4346 546 4407 negaverit,
577 4352 606 4395 nt
624 4345 708 4411 potins
727 4359 783 4395 cem
803 4343 963 4407 defenderit,
993 4342 1134 4410 siquidem,
1148 4341 1224 4392 ticet
1242 4357 1287 4392 cx-

93 4406 176 4458 lt⁸⁸³¹⁵
193 4412 276 4464 verbis
293 4430 342 4465 uon
363 4414 507 4477 negaverit,
526 4414 652 4466 indirecte
670 4421 755 4465 tumen
776 4429 831 4464 earn
849 4413 1015 4480 oppugnavit.
1047 4411 1109 4463 Cum
1128 4409 1194 4460 enim
1212 4410 1287 4461 Chri-

95 4468 152 4520 ΨΜ
168 4476 263 4541 quidem
281 4498 385 4551 possum
402 4496 430 4535 oc
448 4489 576 4536 mortuum
596 4498 663 4548 osse,
684 4482 731 4533 sed
751 4483 862 4535 noudum
879 4481 1054 4535 resurrexisse
1071 4479 1174 4548 publico
1192 4479 1286 4541 doncro
