3067 5075
375 258 379 265 .
406 290 442 351 de
457 292 588 352 cotenu
604 285 841 351 Christianorum
858 287 975 369 agapis.
1231 281 1299 349 2θῦ

93 466 149 529 llos
163 452 232 527 cero
248 462 418 544 nentiquam
432 462 492 525 hac
504 462 536 523 in
553 482 586 541 rc
602 462 800 526 consentimus
818 451 1075 546 cum‘dugustioa
1091 481 1159 524 oum
1175 463 1299 523 demon·

93 552 171 616 ιιιιιι
183 550 271 613 uallo
289 553 375 612 modo
392 549 496 632 possit,
512 551 636 615 Paulam
653 548 700 613 vel
717 551 888 614 immutasse
904 564 992 614 totam
1009 573 1069 614 rom
1088 551 1133 615 rel
1147 551 1299 613 immutare

93 640 224 705 coluisse.
259 639 386 703 Constat
400 639 499 720 potius
515 660 551 702 ex
567 639 663 721 ipsius
683 635 809 720 apostoli
826 639 924 702 vorbis
939 640 974 724 (l
990 640 1060 703 Cor.
1077 639 1130 716 ll,
1149 639 1300 717 ιιι-22.)
1327 713 1329 715 ¹

93 729 235 809 antiquum
262 746 372 790 rnorem
395 737 577 789 reservatum
600 729 689 809 idque
714 726 832 790 minime
856 731 894 789 ab
925 728 1195 808 eo‘reprchcnsurn
1223 745 1299 789 esse.

70 882 74 885 ,
94 817 239 878 Praeterea
258 837 296 878 ex
312 815 389 876 locis
405 815 579 896 quibusdam
597 815 775 878 Tertulliani
795 826 924 897 apparet,
943 816 1131 877 mutationem
1148 814 1229 875 illam
1247 832 1301 893 per

93 924 189 966 ueram
208 903 450 965 cousuetudinem
467 922 521 989 nec
538 923 606 966 vero
624 924 701 983 per
693 903 884 984 apostolicum
902 906 1046 1007 quoddam
1067 905 1214 964 decretum
1233 900 1300 961 iae-

93 1001 143 1054 tam
158 1012 232 1055 csse
272 990 464 1071 Repugnat
455 1006 522 1053 insu
545 1012 576 1053 er
600 990 674 1053 baec
692 991 850 1071 Augustini
867 992 973 1075 opinio
997 991 1157 1053 historicae
1174 989 1299 1067 veritati,

92 1099 150 1141 caru
165 1079 220 1141 loci
240 1101 279 1141 cx
297 1078 462 1141 Sozomcuo
481 1088 508 1141 et
521 1013 644 1142 §corato
663 1098 756 1159 supra
772 1099 789 1141 a
806 1081 891 1142 uobis
909 1078 990 1141 allati
1006 1079 1162 1142 manifeste
1179 1070 1300 1140 coatra-

92 1170 156 1229 riuu
173 1167 320 1231 evincunt.
357 1166 614 1228 Testimoniorum
630 1179 727 1228 antem
736 1188 845 1248 ,quae
869 1188 921 1251 pro
940 1187 999 1229 una
1015 1169 1145 1230 alterare
1163 1165 1300 1247 opinione

93 1253 180 1316 afferri
195 1264 335 1335 possunt,
356 1255 545 1331 enumeratio,
563 1275 601 1316 an
619 1254 710 1316 ullius
728 1255 863 1315 momenti
882 1255 921 1316 sit
936 1256 1112 1317 dubitamus.
1140 1255 1301 1336 Utrumque

92 1342 285 1425 asimadmitti
305 1344 405 1419 debet,
429 1362 495 1403 cuar
510 1353 596 1418 ante,
622 1351 680 1404 turn
705 1353 771 1422 post
794 1362 908 1405 sacram
928 1362 1048 1404 coenam
1072 1342 1206 1405 valuisse
1222 1341 1301 1404 hunc

94 1448 189 1493 norom
213 1428 384 1492 celebrandi
404 1447 527 1511 agapas.
565 1426 672 1493 Primis
695 1427 843 1492 ecclesiae
865 1430 1064 1511 temporibus,
1089 1431 1206 1492 duobus
1223 1439 1301 1491 certe

93 1517 226 1598 prioribus
243 1516 375 1592 seculis,
400 1536 514 1580 sacratu
530 1538 652 1580 coenam
671 1528 909 1599 praecesserunt,
935 1518 1069 1600 quamvis
1084 1518 1114 1579 id
1133 1526 1222 1598 neget
1237 1517 1300 1579 Ba·

95 1606 234 1685 rooius*),
247 1636 249 1643 v
263 1605 469 1687 chrysostomi
492 1604 664 1668 auctoritato
682 1607 791 1689 fretus,
817 1606 903 1687 cujus
922 1616 1044 1668 mentem
1069 1612 1127 1667 nou
1145 1616 1301 1668 assecutus

96 1703 139 1756 est.
170 1694 253 1756 hliud
272 1704 348 1755 sane
365 1696 539 1755 documenta
557 1695 646 1774 paulo
663 1705 730 1756 ante
746 1694 836 1756 allata
852 1694 983 1757 iudicant
1000 1705 1029 1757 et
1045 1694 1200 1756 manifeste
1216 1692 1300 1755 erin-

96 1789 161 1843 curt.
182 1782 325 1859 ‚Quando
343 1800 410 1844 vcro
428 1789 456 1844 et
473 1803 530 1865 quo
547 1781 685 1863 temporis
701 1782 796 1863 spatio
813 1803 929 1862 agapae
947 1793 1014 1845 aute
1034 1803 1155 1844 coenam
1172 1781 1301 1843 domiui-

97 1889 148 1955 eau
163 1869 209 1948 agi
226 1868 381 1947 desierint,
405 1886 463 1930 nou
481 1867 568 1931 laoile
585 1869 724 1950 expedire
741 1869 820 1946 licet,
838 1870 897 1930 nisi
915 1873 951 1931 ad
969 1872 1044 1931 lrauc
1060 1868 1141 1931 litem
1158 1864 1300 1931 dirimen-

70 1967 74 1973 '
97 1957 149 2018 dan
165 1958 338 2019 auctoritate
355 1967 473 2019 utamur
488 1957 606 2018 concilii
623 1955 880 2035 Carthaginiensis
898 1980 963 2021 cau.
980 1956 1048 2033 41.,
1067 1960 1143 2038 (ιιιιΙ
1161 1957 1300 2035 decrerit,

97 2050 124 2104 ut
136 2055 318 2107 sacramenta
333 2044 436 2107 altaris
453 2045 572 2106 nonnisi
589 2044 730 2127 ajejuuis
748 2044 916 2107 hominibus
933 2045 1162 2119 celebrarentur,
1178 2053 1301 2125 excepto

98 2132 136 2192 die
150 2132 349 2198 anniversario
368 2132 516 2212 (uiridium
534 2133 647 2197 scilicet
664 2133 781 2195 nominc
798 2133 970 2214 appellato),
991 2155 1048 2214 quo
1065 2153 1159 2195 coena
1175 2154 1200 2195 s.
1218 2130 1302 2194 cole·

93 2220 192 2283 'bratun
228 2222 309 2299 Qua·
322 2219 355 2280 in
379 2222 592 2283 consuetudins
610 2220 764 2282 recentiori
790 2225 892 2283 umbra
913 2221 1053 2283 remansit
1069 2220 1184 2303 pristini
1201 2219 1301 2295 moris,

99 2326 175 2387 equa
197 2308 301 2389 colligi
326 2317 438 2389 potest,
464 2307 534 2370 oliuo
559 2319 626 2390 post
650 2329 763 2390 agapas
787 2330 901 2371 sacram
927 2330 1047 2371 coenam
1072 2317 1197 2370 surntarn
1223 2329 1300 2373 esse.

99 2394 155 2471 Quo
169 2396 241 2458 enim
259 2397 323 2459 alio
341 2396 465 2458 consilio
482 2398 546 2459 dics
563 2397 697 2461 uiridium
715 2405 857 2478 exceptus
875 2406 928 2476 cst,
954 2419 1040 2479 quam
1059 2396 1122 2476 illo,
1139 2408 1170 2459 ut
1186 2395 1301 2478 pristini

100 2484 174 2545 noris
189 2485 331 2548 memoria
349 2485 545 2548 retineretur?
577 2484 702 2548 Silentia
718 2486 766 2549 bic
784 2486 943 2567 praeterire
959 2505 1205 2590 nup-possumus,
1220 2486 1301 2549 riros

98 2575 221 2652 quosdam
238 2577 357 2651 doctos,
380 2574 514 2672 interque
529 2575 584 2640 lros
601 2596 638 2637 ex
655 2575 868 2636 recentloribns
885 2575 1062 2654 angustiam
1073 2575 1118 2653 **)
1137 2575 1300 2652 dubitasse,

99 2678 155 2721 oum
171 2681 284 2764 pgapao
304 2683 423 2742 semper
438 2663 502 2723 curu
523 2662 701 2724 eucharistia
726 2664 900 2745 conjunctae
920 2663 1029 2724 luerint
1053 2684 1109 2724 uec
1132 2684 1179 2725 ne
1216 2660 1302 2723 dnti-

99 2747 236 2826 quissimis
246 2750 430 2830 temporibus
449 2769 562 2831 agapas
577 2750 665 2814 simul
684 2769 790 2814 cums.
810 2770 902 2812 socna
913 2743 1078 2813 celebratas
1090 2751 1184 2813 luisse
1186 2770 1302 2830 ,supra

99 2837 199 2897 anobis
210 2849 364 2901 ostensum
380 2846 435 2900 est.
459 2839 573 2899 Morem
593 2838 678 2901 etiam
695 2840 772 2899 huuc
790 2841 966 2919 procedente
983 2849 1112 2919 tempore
1131 2839 1301 2919 plerumque

99 2934 365 3002 reservationem,
391 2926 509 2987 Patruus
527 2925 585 2987 loci
602 2926 750 2988 evincunt.
791 2926 865 2987 Cum
889 2947 959 2988 vcro
984 2946 1146 3006 agaparum
1170 2926 1245 2986 ritus
1263 2928 1300 2987 ob

99 3006 199 3091 insigne
215 2973 411 3077 eeclesiarum
428 3014 638 3076 incrementum
658 3033 715 3073 aon
732 3013 841 3094 ubique
854 3013 994 3094 etquoris
1013 3024 1141 3093 tempore
1157 3012 1301 3093 frequen-

100 3100 144 3157 tari
158 3113 268 3179 posset,
298 3100 378 3163 eirca
394 3101 521 3164 medium
541 3102 605 3164 fore
622 3122 683 3164 sec.
699 3101 731 3162 2.
748 3101 925 3164 eucharistia
941 3102 1028 3164 etiam
1044 3102 1109 3164 siue
1126 3099 1232 3182 agapis
1248 3120 1301 3163 ce-

99 3181 267 3252 lcbralaost.
308 3190 394 3267 Quod
415 3190 529 3271 quidem
550 3189 711 3251 exlustiui
731 3179 819 3252 Μιῖιι
844 3187 1030 3271 apologia2.
1054 3213 1082 3273 p.
1101 3190 1153 3251 97.
1178 3197 1301 3267 coastat,

101 3273 150 3374 ιιι,
168 3277 223 3337 etsi
240 3279 395 3340 Romanae
412 3281 609 3339 tantummodo
628 3277 775 3340 ecclcsiae
791 3281 886 3341 mores
904 3278 1062 3355 describat,
1086 3282 1181 3339 tamen
1200 3287 1301 3338 osten-

100 3355 148 3437 dr,
169 3362 219 3425 illo
243 3376 389 3446 tempore
386 3366 484 3427 etiarn
511 3365 577 3426 siue
600 3366 706 3447 agapis
731 3369 901 3428 adornatam
917 3367 1055 3430 luisses
1075 3386 1205 3429 coenam.
1222 3365 1302 3427 llicit

102 3446 181 3510 tultus
206 3452 254 3512 acl
279 3448 300 3533 ιι
320 3473 421 3534 opopa
443 3442 525 3557 αὓτη
550 3457 688 3515 καλεῖται
712 3474 776 3534 παρ
810 3449 886 3533 oppio
897 3448 1097 3557 εὐχαριστία.
1120 3447 1158 3514 οὗ
1181 3439 1249 3533 γὰρ
1260 3447 1302 3523 ὡς

101 3524 316 3620 ιιιιιιιῖιριιιι,
343 3533 416 3600 οὐδὲ
439 3532 545 3601 enredo
567 3530 654 3616 πόμα
677 3562 779 3600 ταυτα
802 3533 1010 3622 λαμβάνομεν
1047 3543 1110 3603 Nec
1135 3540 1302 3617 refragatur

101 3616 302 3703 Tertullianus,
321 3647 370 3707 qur
363 3628 439 3705 (dc
456 3649 554 3690 coron
573 3627 631 3689 ιιιιΙ.
651 3629 682 3690 3.
700 3649 730 3708 p.
748 3627 836 3707 102.)
855 3628 914 3689 ait·
948 3626 1179 3705 „Eucharistiae
1195 3645 1301 3687 sacra

96 3715 212 3774 uentum
229 3724 256 3775 ct
272 3716 302 3776 iu
319 3725 448 3795 tempore
465 3717 560 3778 victus
577 3727 604 3777 ct
621 3715 758 3777 omnibus
775 3718 941 3778 mandatum
959 3726 1003 3778 cst
1019 3736 1036 3777 a
1053 3714 1189 3791 Domino,
1215 3714 1301 3777 etiam

101 3800 289 3864 auteculaunis
306 3804 448 3866 coetibus.
451 3802 469 3837 “
492 3805 539 3865 Ex
557 3805 665 3885 quibus
683 3801 747 3866 sole
765 3803 925 3868 meridiano
936 3805 1051 3866 clarius
1067 3814 1198 3886 apparet,
1215 3803 1318 3884 plaue'

101 3883 271 3954 arbitrarium
287 3889 392 3965 fuisse,
409 3902 504 3952 utrum
524 3903 652 3972 tempore
670 3892 808 3954 rictusb.
821 3913 847 3955 c.
865 3894 970 3955 ubis
932 3913 1047 3990 agapae
1063 3891 1302 3969 instituebantur,

101 3969 175 4034 etita
188 3996 223 4039 cx
240 3999 320 4040 morc
338 3977 463 4060 pristino
471 3989 557 4081 post·
565 4000 689 4083 agapas,
707 4000 744 4040 an
762 4002 830 4042 vcro
849 3993 1009 4058 extruens,
1025 3979 1211 4045 anteculauis
1228 4001 1300 4042 coe·

100 4053 185 4137 tibus,
207 4065 259 4128 ubi
276 4066 348 4130 hacc
365 4066 499 4130 conuiuia
520 4067 638 4132 minime
654 4071 796 4131 adornata
813 4080 897 4147 suut,
924 4070 1104 4133 eucharistia
1126 4076 1300 4148 sumeretur.

97 4139 225 4248 (lypriaui
243 4155 447 4236 temporibus
434 4176 495 4238 ιιιιιι
512 4155 542 4217 iu
557 4154 658 4237 legem
674 4156 785 4232 abiisse
801 4158 926 4240 ridetur,
943 4169 976 4221 ut
990 4160 1055 4222 sine
1068 4157 1174 4239 agapis
1188 4153 1300 4217 euma-

98 4301 310 4330 ''¹¹—---

158 4400 183 4470 *l
200 4406 291 4464 huual.
308 4380 383 4466 Τοιιι.
403 4412 425 4465 l.
446 4412 479 4464 ud
498 4391 558 4472 unu.
577 4413 621 4467 57.
635 4409 713 4470 'nuru
735 4415 783 4470 tat
803 4432 825 4467 s.

160 4506 202 4573 ”l
220 4512 479 4582 Denkwdrdigaciton
499 4514 520 4569 l.
540 4534 565 4585 p.
587 4518 682 4576 ladas.
