3067 5075
494 231 496 236 Ι
521 286 557 351 io
575 284 797 355 Truditoribus.
1203 293 1267 359 325
1318 334 1325 343 ι

62 464 100 530 Uti
115 462 188 526 euim
206 461 320 545 scripta
335 458 392 527 illa
410 463 519 542 omnia,
539 484 616 546 qnae
633 464 788 528 obfirmare
805 463 990 531 Clr‘ristinnos
1008 466 1038 528 in
1056 469 1181 530 tenentia
1197 467 1268 533 aaa

60 552 229 636 professione
251 558 404 633 poterant,
426 552 552 616 flammis
572 555 740 636 adjudicata
758 565 844 633 sunt;
875 555 915 618 ita
932 556 1183 637 prolecto‘eorlem
1205 557 1267 621 lato

50 641 193 704 'innuisse
216 652 379 723 martyrum
399 642 617 705 cohortationes
638 644 816 705 credendum
837 654 897 721 est,
927 645 1099 725 praesertim
1118 665 1184 707 cum
1208 645 1267 726 ipsi

60 741 183 811 martyres
208 740 270 792 tum
291 729 465 811 hymnorum
482 730 667 805 cantatione,
692 741 751 795 tum
772 729 944 812 scripturae
962 732 1266 814 adpellatioueirlen·

59 819 134 880 alon
149 816 289 898 prohibiti
305 817 424 880 luerint.
966 886 970 895 ,
1199 837 1201 840 ’

62 946 64 951 »
127 905 184 985 24)
218 905 255 966 lu
276 924 390 967 summo
408 924 481 968 rasa
504 925 591 967 sacra
616 907 727 968 bonore
751 906 899 968 veteribus
922 906 1021 969 babitu
1043 907 1140 970 luisse
1161 910 1266 989 negari

58 993 157 1075 nequit,
182 995 259 1054 atleo
285 1003 318 1055 nt
341 1014 399 1056 uon
415 994 606 1073 singularem
625 1003 733 1056 tantum
757 995 834 1076 ipsis
851 994 947 1057 lorum
964 1014 1081 1058 sacrum
1101 997 1265 1075 tribuerint,

58 1085 99 1143 sel
121 1082 205 1144 etiam
222 1081 346 1162 publica
362 1082 536 1144 anctoritate
554 1083 760 1145 constituerint
777 1083 894 1143 illorum
915 1086 1057 1145 custodes
1074 1084 1136 1145 sire
1155 1105 1266 1146 osseo·

58 1164 191 1243 pilares,
208 1188 288 1251 quos
307 1173 496 1251 presbyteros
513 1171 648 1250 inprimis
665 1178 753 1251 atque
771 1171 912 1233 diaconos
929 1192 996 1233 esse
1013 1169 1188 1246 noluerunt3
1207 1173 1264 1237 riri.

56 1257 193 1336 Binglrami
223 1261 305 1336 θήρ.
322 1261 426 1319 Erotes.
442 1256 472 1334 2,
491 1280 519 1339 p.
537 1262 578 1319 73
590 1282 615 1321 e.
639 1256 667 1321 et
690 1257 720 1334 3,
736 1281 766 1338 p.
785 1260 849 1318 3³7
861 1282 886 1320 o.
933 1258 1018 1321 Unde
1035 1281 1102 1321 cum
1123 1263 1265 1323 tradenda

57 1353 149 1420 essent,
165 1345 203 1406 ab
220 1344 285 1406 illis
302 1346 491 1429 potissimum¹
505 1366 540 1408 ca
552 1345 718 1427 efflagitata
733 1346 829 1407 luisse
844 1343 984 1425 legimus,
1001 1369 1166 1428 quanquam
1183 1358 1212 1408 et
1226 1351 1264 1410 ab
1322 1383 1333 1405 1

57 1431 189 1511 episcopis
206 1431 338 1514 aliisquo
356 1432 473 1495 clericis
490 1433 653 1495 minoribus
669 1433 816 1513 postulata
833 1433 900 1496 sint.
928 1435 1160 1497 Tradiditrerte
1173 1437 1265 1516 impie

57 1517 100 1580 illa
111 1519 288 1582 Cirtensium
308 1525 394 1583 turba
410 1521 583 1584 olorinorum
601 1522 827 1603 quamplurima
842 1540 913 1583 rasa
927 1542 1012 1584 sacra
1030 1533 1058 1584 et
1071 1523 1265 1586 instrumenta

57 1607 252 1683 ecclesiastiea,
271 1629 349 1689 quae
364 1610 497 1672 studioso
514 1622 600 1672 antea
616 1612 734 1672 luerent
749 1618 933 1686 conseruata,
951 1611 1065 1672 seilicet
1082 1623 1112 1671 nt
1129 1612 1264 1689 manibus

57 1697 156 1757 tanlem
174 1694 334 1776 gentilium
352 1710 573 1777 persecutorum
593 1699 623 1759 iu
645 1698 777 1779 rapinam
797 1701 945 1760 celerent.
991 1698 1042 1760 Sic
1062 1700 1137 1760 enirn
1158 1703 1264 1762 dorent

54 1781 110 1859 ipsa
131 1795 194 1846 acta
213 1784 339 1865 publiea
371 1786 414 1864 (in
440 1786 535 1866 gestis
556 1789 633 1866 apud
657 1783 855 1866 zenophilum
885 1809 912 1867 p.
933 1807 969 1846 nr.
991 1788 1095 1863 tos),
1122 1787 1261 1867 seriptum

57 1868 136 1932 luisse
150 1874 321 1953 catalogum
339 1893 449 1949 eorum,
467 1895 544 1954 quae
560 1875 637 1953 aprrrl
658 1873 788 1944 Felicem
804 1873 949 1934 flaminem
967 1872 1009 1933 illi
1028 1887 1261 1953 congesserant:

56 1957 173 2020 nimirum
192 1960 307 2031 calices
331 1963 406 2022 duos
431 1980 556 2038 aureos,
580 1962 648 2022 item
669 1961 778 2025 calices
796 1981 849 2021 sex
868 1971 1043 2039 argenteos,
1068 1962 1187 2023 urceola
1206 1984 1261 2026 sex

33 2071 39 2079 ’
57 2055 187 2124 argentea,
203 2046 424 2110 cuccumellum
442 2059 625 2128 argenteum,
644 2049 783 2109 lucernas
799 2059 957 2125 argenteas
974 2059 1094 2130 septem,
1112 2050 1261 2112 cereofala

57 2135 117 2210 luo,
140 2137 278 2199 eanrlelas
299 2138 405 2199 breves
427 2155 539 2199 aeneas
560 2156 625 2198 curn
651 2136 782 2198 lucernis
800 2137 864 2197 suis
889 2145 1016 2216 septem,
1036 2136 1103 2197 item
1124 2137 1262 2199 lucernas

57 2239 146 2285 aeneas
165 2225 303 2287 undecim
324 2245 389 2285 cum
410 2224 523 2286 catenis
545 2224 629 2298 suis,
649 2225 765 2286 tunicas
786 2223 944 2285 muliebres
965 2225 1024 2296 82,
1049 2225 1188 2286 mafortea
1209 2226 1261 2302 38,
1289 2280 1291 2289 ⁴
1392 2280 1394 2289 ,

57 2309 154 2372 tunicas
166 2313 273 2376 'viriles
291 2314 339 2386 16,
358 2312 522 2386 caligarum
538 2310 664 2373 virilium
681 2313 763 2393 paria
780 2314 828 2389 13,
846 2322 873 2373 et
889 2308 1074 2373 muliebrium
1087 2312 1139 2388 47,
1157 2311 1260 2393 coplas

57 2399 201 2462 rusticanas
220 2403 283 2476 193
309 2401 386 2463 conf.
405 2400 601 2480 Binghamum
622 2407 700 2479 Orip.
718 2404 793 2463 uret.
812 2400 843 2477 3,
866 2423 896 2480 p.
915 2402 986 2460 292.
1032 2402 1076 2463 lta
1094 2422 1210 2482 quoque
1230 2403 1260 2462 iu

57 2485 133 2562 gestis
158 2488 344 2570 purgationis
370 2489 483 2552 Felicis
516 2493 644 2570 sprung.
672 2510 701 2570 p.
730 2509 766 2552 ur.
793 2487 856 2550 lea
874 2509 901 2550 a.
947 2486 1049 2556 Alfius,
1067 2486 1260 2552 Caecilianus

58 2573 198 2654 confitetur,
217 2600 256 2640 ex
276 2578 352 2653 loco,
376 2578 425 2638 nbi
444 2578 592 2639 orationes
610 2577 752 2639 celebrari
770 2576 994 2650 consueverint,
1019 2574 1125 2639 tulisse
1143 2599 1176 2640 se
1194 2599 1261 2641 cum

57 2658 156 2723 Galatia
171 2677 200 2726 rt
215 2665 342 2746 reliquis
359 2665 449 2728 sociis
464 2666 528 2728 suis
545 2664 712 2727 cathedram
730 2674 758 2726 et
776 2665 916 2745 epistolas
933 2667 1122 2727 salutatorias
1140 2678 1167 2729 et
1184 2668 1262 2729 ostia

57 2749 137 2811 onnia
158 2752 253 2816 inisse
281 2754 442 2815 combusta.
488 2754 579 2815 Forte
605 2752 663 2818 buc
690 2771 807 2834 qnoque
832 2753 972 2833 pertinet,
1005 2756 1082 2833 quod
1103 2754 1260 2815 Secundus

57 2832 226 2910 tigisitanus
252 2842 285 2902 in
304 2845 360 2903 sua
382 2843 419 2902 ad
440 2841 622 2904 Mensurium
641 2841 812 2920 carthagin.
832 2842 917 2922 epist.
938 2842 1126 2921 responsoria
1145 2842 1260 2922 scribit,

56 2922 159 2998 petiisse
184 2949 256 2992 ase
277 2940 343 3009 post
363 2929 482 2991 codices
510 2948 613 2991 saeros
638 2939 845 3009 persecutores
870 2928 978 2990 ecbola
996 2931 1157 3010 quaedam,
1184 2950 1260 3012 qnae

40 3013 136 3080 ,tanen
157 3017 256 3080 itidem
285 3018 492 3093 conuenerit,
526 3020 604 3099 apud
627 3017 827 3098 augustinum
860 3019 872 3093 (
882 3016 912 3076 in
941 3024 1046 3080 Breoio.
1072 3022 1173 3079 cottae.
1197 3040 1259 3080 oum

58 3102 145 3164 bonor.
157 3108 184 3167 ri.
198 3107 228 3170 3.
246 3128 273 3168 o.
287 3106 342 3187 8.).
372 3105 476 3167 Malim
493 3105 570 3167 euim
587 3105 690 3167 ecbola
707 3126 772 3167 cum
790 3104 970 3166 doctissimis
986 3103 1145 3166 lllonaclris
1160 3108 1258 3167 [leue-
1369 3171 1372 3182 ,

56 3183 157 3250 lictinis
173 3193 203 3253 iu
222 3204 291 3256 nota
308 3196 345 3255 orl
362 3196 390 3255 lt.
407 3198 427 3257 l.
450 3196 486 3255 uo
510 3194 711 3275 eiectamentis
730 3192 898 3272 intelligere
917 3191 980 3254 sive
1000 3194 1108 3270 rebus,
1134 3215 1259 3275 quarum

57 3272 138 3337 nullus
161 3289 205 3344 est
222 3301 316 3356 usus,
341 3300 427 3363 qnam
447 3284 482 3344 rle
500 3281 674 3362 fragmentis
693 3281 857 3360 divinorum
878 3281 1012 3345 codicum
1030 3302 1094 3343 curu
1112 3303 1258 3365 anonymo

56 3356 99 3420 illo
117 3364 274 3450 interprete
292 3369 468 3450 Augustini,
488 3392 574 3453 quem
596 3370 695 3433 citarit
712 3370 781 3434 Car.
800 3371 850 3432 lln
866 3370 981 3433 Fresne
1006 3370 1038 3432 in
1057 3374 1204 3433 Gloornrm
1220 3376 1260 3433 orl

56 3455 186 3531 tttiptor'er
203 3461 310 3520 uredine
324 3470 350 3520 et
364 3460 477 3535 infimae
492 3463 642 3522 latinitatis
657 3482 681 3520 s.
699 3481 756 3522 eoo.
773 3462 903 3522 eubolum.
938 3461 1070 3521 Fuerunt
1087 3463 1171 3533 enim„
1182 3461 1261 3523 aliae

56 3553 130 3601 rores
151 3543 180 3604 in
204 3559 358 3629 promptu,
384 3564 461 3627 quae
486 3548 512 3607 si
536 3549 584 3608 lrie
608 3545 744 3609 vocabuli
771 3567 878 3608 sensns
902 3550 1165 3621 conclamantes,
1192 3553 1259 3609 eum

56 3622 189 3694 declarare
210 3642 383 3717 potnerunt,
409 3645 437 3695 et
456 3635 582 3697 ostendit
607 3635 729 3714 insuper
751 3634 836 3694 loeus
861 3632 1039 3715 parallelus,
1065 3634 1174 3695 arinis
1197 3632 1259 3696 illis

56 3715 161 3781 erratas
171 3742 208 3785 ex
223 3726 271 3786 tto.
282 3725 312 3785 3.
328 3734 425 3785 contro
438 3728 615 3786 &esconium
630 3745 652 3786 c.
667 3724 725 3784 29,
735 3723 906 3795 advocatus,
923 3719 1097 3801 clarissime,
1115 3722 1144 3783 ni
1158 3721 1260 3801 fallor,

57 3802 143 3867 ecbola
159 3813 194 3869 ad
213 3811 340 3873 nativam
356 3831 440 3873 suam
459 3812 604 3892 originem
622 3832 673 3892 pro
690 3810 891 3891 ejectamentis
907 3811 1041 3872 lrabenrla
1058 3813 1136 3874 esse.

127 3893 183 3976 25)
209 3900 344 3980 Digitum
369 3920 423 3961 nos
441 3900 490 3961 lric
513 3902 542 3961 iu
569 3899 716 3961 tabularia
736 3896 941 3961 ecclesiastica
958 3912 1087 3963 veterum
1107 3900 1261 3964 intendere

56 3987 126 4071 ltus
148 4003 203 4046 non
222 3988 317 4066 uiolet,
346 3989 509 4070 dequibus
533 3989 604 4050 licet
625 4010 684 4049 non
704 3990 804 4050 eadem
824 3987 952 4048 omnium
972 3987 1080 4069 utrique
1106 3992 1260 4051 doctorum

56 4071 87 4120 ⁸¹¹
105 4076 253 4151 sententia,
271 4075 404 4138 extitisse
422 4087 517 4139 tamen
535 4078 586 4139 illa
602 4098 662 4138 non
684 4075 862 4139 Diocletiani
880 4085 990 4137 tantum
1008 4097 1090 4150 aeuo,
1110 4080 1161 4139 sed
1179 4076 1259 4137 anti-

56 4149 192 4223 luiuribus
208 4185 323 4246 quoqne
342 4166 540 4246 temporibus,
563 4167 641 4226 baurl
665 4166 820 4248 quisquam
846 4173 954 4227 temere
971 4164 1159 4226 inficiabitur.
1191 4164 1259 4225 Non

55 4230 106 4297 tali
123 4258 212 4330 certe,
236 4252 402 4335 quicunqne
418 4254 617 4322 uetustissimo
635 4253 741 4333 lgnatii
761 4253 926 4336 testimonio
945 4253 1056 4315 inducti
1076 4254 1207 4326 credunt,
1227 4250 1260 4315 iu

48 4323 177 4398 eeclesiis
196 4339 262 4403 olim
288 4341 501 4403 celebrioribus
520 4340 667 4404 tabularia
691 4342 834 4424 ejusmodi
854 4342 1006 4417 extitisse,
1032 4338 1173 4401 furcillime
1192 4341 1260 4428 aui-

57 4416 220 4505 petreae,
256 4429 303 4491 cui
331 4429 433 4510 legere
464 4429 517 4492 illa
547 4428 710 4510 placuerit,
744 4422 889 4511 quae'ad
927 4428 1144 4511 explanantium
1179 4428 1259 4490 effati

55 4493 187 4577 'marioni
217 4537 337 4583 sensnm
363 4518 483 4600 copiose
509 4520 622 4582 monuit
643 4519 688 4582 lo.
714 4518 837 4582 Frilins
856 4520 890 4582 ele
915 4540 983 4582 curo
1007 4523 1107 4581 umato
1131 4521 1261 4580 cocleotee
