3067 5075
565 293 602 355 de
620 291 841 358 Truditcribru.
865 262 872 268 .
1246 297 1321 366 aaa.

79 469 268 527 muselutum
284 468 397 526 senibus
414 468 545 528 ambobus
561 478 688 533 odarum
706 480 731 533 ot
748 476 902 551 septimum,
922 479 1032 550 repom
1046 474 1137 533 adbuc
1152 474 1237 537 dubia
1251 479 1312 559 laos

84 555 126 615 ud
154 557 298 615 maesiam
323 556 478 633 praefectus
505 559 598 634 (recte
624 557 700 619 enim
726 556 766 619 ita
786 556 878 619 scribi
897 560 1087 621 ostenderunt
1102 538 1220 643 bricia)
1249 584 1311 625 οιιιιι

64 674 67 679 ¹
83 644 206 702 ducibus
226 652 253 702 et
271 644 388 703 tribunis
403 652 428 702 ct
447 647 633 707 rationalibus
648 653 737 720 acuit;
760 656 787 706 ct
802 647 920 708 reuulsis
936 644 1052 721 foribus
1061 652 1242 712 simulacrum
1258 657 1311 713 uu

83 737 246 810 quaeritur,
270 736 426 809 scripturae
439 740 567 810 repertas
584 736 776 806 incenduntur,
800 736 885 795 detur
901 736 1027 815 omnibus
1043 738 1165 813 muodo:
1188 745 1309 818 rapitur,

30 878 33 883 ,
83 819 265 897 trepidatur,
293 820 468 880 discurritur.
493 855 536 864 -
564 855 599 866 ·-
626 824 777 882 Venubuat
795 826 881 899 iqitur
905 828 1093 901 praetoriani,
1119 831 1177 889 ario
1193 837 1309 903 structa,

83 927 150 965 cum
168 909 310 966 securibus
325 916 350 966 ct
368 909 434 969 aliis
449 892 642 984 ferramentis3
657 917 706 969 et
698 915 815 970 immissi
831 911 958 988 undique,
973 913 1086 971 tandem
1101 914 1171 972 illud
1185 916 1310 976 editissi-

81 1014 166 1053 mum
181 991 349 1094 (tempium)
366 998 464 1072 paucio
478 996 555 1055 lucrio
570 998 629 1057 solo
645 999 847 1077 adaequarunt.
893 996 947 1058 ilis
963 999 1107 1072 addenda,
1128 1020 1203 1080 qaae
1219 999 1309 1062 simili

81 1079 153 1141 fere
180 1080 292 1140 ratione
315 1083 411 1161 quoad
436 1091 550 1161 tempus
567 1082 655 1143 tradit
672 1084 822 1145 Eusebius
846 1082 879 1164 (Ι.
897 1080 917 1146 i.
933 1080 965 1161 8,
973 1087 1047 1182 2.;)
1073 1084 1142 1156 ἔτος
1157 1086 1254 1147 τοῦτο
1269 1070 1310 1168 ipa

83 1163 366 1233 ἐννεακαιδέκατον
393 1165 449 1246 τῆς
472 1164 701 1269 Διοκλητιαυοῦ
723 1166 901 1268 βασιλείας·
931 1162 1077 1268 Δύστρος
1099 1193 1162 1269 pqr
1187 1168 1309 1274 λέγοιτο

81 1244 161 1312 δ’)
136 1277 181 1314 aa
198 1274 290 1324 ουτος
308 1244 453 1352 Μάρτιος
470 1245 547 1314 nurci
564 1248 770 1332 Ρωμαίοος,
754 1278 788 1317 er
806 1245 829 1356 ὦ
845 1255 902 1337 τῆς
918 1257 977 1319 τοῦ
993 1250 1158 1357 Σωτηρίού
1176 1251 1309 1332 πάθους

82 1338 203 1420 {opsequ
234 1332 487 1441 eiceiquvcrioqc,
520 1334 647 1420 ip'uimro
677 1363 855 1443 παυταχρσε
886 1334 1031 1425 βασιλικὰ
1055 1338 1216 1448 γράμμοιτα
1241 1342 1308 1412 κτλ.

80 1429 156 1490 Iluu
181 1430 255 1489 haec
278 1425 442 1508 utriusque
455 1430 584 1490 aucturis
609 1430 696 1492 citata
719 1451 776 1492 uuu
800 1431 830 1490 in
853 1430 988 1492 omnibus
1008 1432 1049 1494 ita
1066 1434 1252 1537 conspirant,
1277 1446 1309 1497 ut

82 1514 173 1577 uuila
199 1516 286 1596 plane
311 1516 516 1578 conciliatione
540 1516 702 1597 indigeant.
749 1518 940 1620 Quapropter
961 1521 1028 1581 data
1050 1540 1140 1599 opera
1156 1522 1211 1584 viri
1230 1523 1309 1584 docti

80 1604 111 1664 in
140 1603 172 1665 ie
199 1601 425 1682 adlaboraruut‚
454 1615 485 1665 ut
509 1625 609 1666 rernm
637 1606 850 1687 persecutionis
876 1605 991 1668 initium
1011 1607 1134 1689 ejusque
1152 1630 1260 1672 anuum
1280 1619 1309 1672 et

81 1692 166 1752 diem
184 1702 331 1753 eruerent.
354 1692 467 1755 Citatcs
490 1692 603 1754 videbis
624 1694 690 1755 iiius
710 1714 746 1755 ex
765 1705 847 1773 parte
864 1695 910 1755 lu.
928 1692 997 1756 Alb.
1014 1695 1152 1758 Fabricio
1173 1698 1216 1778 (iu
1231 1705 1309 1761 Luce

79 1783 213 1841 salutari
228 1782 372 1858 Euunqelii
394 1802 422 1858 p.
442 1783 526 1859 tor.)
549 1779 599 1861 qui
618 1789 712 1843 tumen
734 1779 801 1844 illus
820 1803 872 1860 pru
892 1782 1121 1861 sententiarum,
1147 1804 1221 1866 qaas
1241 1798 1307 1849 tuc-

82 1870 207 1942 bantnr‚
224 1866 363 1929 varietate
381 1888 439 1928 uon
457 1866 611 1949 disposuit.
657 1868 779 1931 Scilicet
795 1869 939 1932 diversam
957 1869 1032 1931 tueri
1049 1871 1215 1950 opinionem
1236 1895 1307 1936 eru-

81 1956 166 2015 ditos
192 1957 228 2016 de
251 1955 306 2015 bac
330 1976 370 2028 re,
394 1954 470 2016 iuter
487 1975 587 2016 omues
606 1955 669 2016 iere
688 1965 811 2033 constat,
832 1956 981 2018 nonnullis
1000 1959 1036 2018 ad
1060 1977 1128 2018 anu.
1147 1961 1220 2022 302.
1237 1960 1307 2023 aliis

73 2045 124 2104 *nd
151 2063 219 2103 ann.
239 2042 312 2104 303.
335 2042 402 2102 aliis
419 2044 455 2104 ad
472 2042 546 2104 305.
566 2043 730 2104 vexationis
755 2043 906 2105 exordium
925 2043 1132 2107 referentibus.
1175 2046 1305 2110 Mediam

85 2150 162 2192 veru
186 2128 339 2208 elegerunt
360 2129 494 2211 plerique
516 2128 749 2211 firmissimisque
770 2129 941 2192 rationibus
952 2132 1158 2194 confirmarunt
1173 2138 1306 2201 eandem.

81 2216 200 2280 Hauc
192 2218 284 2297 egitur
299 2228 326 2276 ct
343 2229 470 2279 nestram
490 2213 577 2296 plane
594 2217 694 2280 facere
711 2217 785 2278 nulli
805 2219 981 2282 dubitamus.

176 2303 209 2381 4)
228 2304 293 2366 Nou
311 2305 384 2366 satis
394 2304 698 2384 eratDioclctiauo‚
689 2327 719 2365 m
738 2307 821 2386 regia
837 2324 893 2368 saa
909 2305 1027 2388 publico
1045 2307 1142 2410 templi
1159 2329 1216 2370 usu
1232 2327 1305 2390 spu-

80 2394 160 2455 liare
175 2391 466 2468 christianaque
454 2413 514 2473 Jam
529 2392 614 2454 etiam
631 2393 750 2474 publica
765 2413 817 2475 per
828 2395 923 2457 edicta
939 2395 1089 2475 exagitare
1102 2397 1185 2477 ipsos
1199 2398 1305 2478 coepit.

79 2482 192 2562 Neque
218 2480 304 2542 uuicc
332 2483 473 2543 duntaxat
499 2480 528 2542 id
554 2479 663 2548 iactum
683 2502 750 2545 esse
774 2486 926 2566 mandatu,
960 2486 1011 2545 sed
1033 2483 1185 2565 pluribus,
1214 2486 1304 2567 probo

80 2570 243 2631 tenendum
268 2578 322 2631 est.
367 2569 496 2630 Primum
521 2580 583 2630 crat
602 2570 667 2632 sine
689 2570 789 2649 dubio,
814 2553 890 2652 quud
911 2531 1100 2638 Nicomediae
1119 2574 1216 2635 itidem
1237 2582 1305 2655 pest

79 2654 253 2717 inchoatam
279 2657 510 2736 persecutionem
537 2658 584 2717 die
612 2668 725 2737 postero
747 2658 865 2739 publice
884 2660 1044 2740 proposuit.
1090 2660 1137 2722 Uti
1163 2662 1239 2722 cuim
1261 2662 1323 2723 ibi·

80 2743 182 2826 prima
209 2743 387 2805 crudelitatis
414 2743 575 2824 specimina
601 2744 679 2805 dedit
702 2746 875 2826 imperatur,
907 2747 947 2808 ita
970 2750 1006 2809 dc
1031 2768 1065 2807 eu
1091 2745 1243 2827 ambigere
1267 2769 1302 2811 eo
1347 2773 1352 2782 ·

80 2831 184 2893 minus
201 2830 311 2918 licebit,
329 2834 404 2911 quod
421 2832 605 2907 Lactantius,
622 2833 670 2912 qui
686 2832 750 2913 ipse
768 2843 837 2895 tuuc
855 2834 992 2914 temperis
1007 2833 1198 2904 Nicomediae
1215 2835 1303 2898 babi-
1367 2843 1372 2848 '

81 2918 173 2993 tavit,
198 2919 288 2999 nujus
310 2919 395 2979 edicti
420 2918 593 2980 mentionem
617 2919 783 2982 immediate
803 2922 952 3001 cumipse
972 2921 1146 2984 calamitatis
1165 2922 1302 3003 publicae

80 3005 169 3068 initio
187 3006 349 3087 conjunxit.
393 3008 436 3068 ita
453 3007 528 3068 euim
544 3004 594 3067 itte
612 3008 652 3085 (c.
672 3007 755 3084 13.):
775 3011 915 3070 Postridie
932 3015 1103 3089 propositum
1118 3019 1159 3069 est
1176 3012 1301 3085 edictum,

82 3117 139 3175 qno
163 3097 317 3168 acuebatur,
343 3105 375 3155 ut
395 3097 539 3172 relipionis
556 3097 634 3155 illius
655 3097 778 3157 luminas
797 3106 921 3157 carerent
942 3102 1018 3158 omni
1035 3099 1137 3158 bonore
1155 3119 1189 3157 ac
1206 3099 1302 3175 dipni2

81 3192 159 3254 tate;
189 3188 342 3242 tormentis·
356 3184 469 3260 subjecti
493 3192 598 3255 esseut,
622 3203 658 3242 ea
683 3204 843 3264 quocunque
868 3186 964 3245 ordine
989 3205 1022 3244 uc
1045 3186 1137 3262 produc
1160 3191 1301 3261 uenirent3

83 3272 223 3332 aduersus
246 3291 292 3330 eos
315 3275 405 3332 omnis
429 3275 501 3330 actio
526 3272 645 3345 ualeret3
669 3277 724 3350 ipsi
741 3294 796 3334 uon
822 3274 854 3332 do
876 3274 998 3351 injuria,
1024 3293 1079 3333 trau
1104 3275 1137 3333 de
1154 3274 1301 3350 adulterio,
1411 3322 1419 3330 .
1525 3263 1526 3272 ¹

84 3379 144 3418 oon
169 3358 203 3417 de
224 3359 305 3418 rebus
323 3360 425 3419 ablutis
444 3378 523 3433 apere
539 3369 665 3437 possent;
690 3355 841 3422 libertatem
863 3362 977 3441 denique
1000 3382 1032 3421 ac
1054 3362 1221 3422 uoluntatem
1243 3382 1301 3423 uon

81 3447 223 3510 baberent.
269 3444 326 3507 His
346 3444 531 3506 consentiunt
550 3465 584 3507 ea
613 3446 752 3525 egregie,
778 3468 853 3550 quac
873 3447 1029 3509 memoriae
1047 3447 1134 3543 trudit
1150 3447 1300 3511 Eusebius

84 3530 178 3630 (hist.
211 3531 282 3593 cccl
313 3529 352 3630 8,
381 3533 431 3609 2.)
463 3531 582 3592 dicens:
615 3529 722 3610 ueiq
701 3554 818 3610 quer
841 3524 950 3614 πρώτη
981 3527 1103 3592 καθ’
1070 3532 1176 3632 ημῶν
1195 3524 1300 3638 ppapr'p

82 3607 218 3697 τοιαύτη
246 3603 505 3700 torquebatur
532 3620 662 3679 dixera:t
691 3640 754 3720 της
773 3617 830 3680 τοῦ
855 3618 1020 3719 σωτηριου
1034 3610 1205 3688 uddone*
1190 3639 1302 3700 εορτης

85 3694 347 3785 sicelavrorioqc,
378 3689 505 3807 quinto
530 3692 676 3805 βασιλικὰ
700 3698 878 3785 γράμματα,
908 3695 963 3775 τὰς
985 3698 1042 3779 μὲν
1066 3699 1229 3804 ἐκκλησίας
1258 3705 1302 3776 εἰς

84 3789 207 3900 ἔδρφος
227 3792 340 3870 φέρειν,
364 3815 420 3864 τας
442 3786 477 3851 δὲ
496 3780 614 3870 γραφὰς
633 3784 764 3866 ἀφανεῖς
784 3789 862 3870 πυρὶ
885 3812 936 3890 per
939 3790 1036 3852 εσθαι
1054 3781 1302 3871 προστάττοντα.

83 3878 135 3940 καὶ
154 3899 230 3950 τους
252 3875 310 3957 μὲι
332 3878 425 3982 coppe
443 3874 702 3959 ἕπτιλημμέυοος,
728 3872 858 3954 ἀτίμους
880 3866 954 3948 τοὺς
973 3871 1046 3937 di
1031 3898 1064 3937 er
1088 3877 1249 3953 circundare,
1274 3878 1302 3943 ri

83 3964 262 4042 ἕπιμέυοιεν
285 3966 318 4027 ἐν
340 3965 383 4050 ’τῇ
399 3964 456 4028 τοῦ
475 3986 709 4046 χριστιαυισμου
696 3963 894 4048 προθέσει,
913 3958 1100 4043 ἐλευθερίας
1115 3966 1302 4045 conpetebat

82 4073 346 4155 προαγορευουτοι.
390 4054 439 4115 Ex
462 4052 508 4114 his
528 4052 837 4133 ignorationisque
857 4054 892 4113 de
910 4051 1034 4113 diuersis
1051 4051 1189 4133 loquitur,
1209 4072 1301 4114 uuum

82 4139 204 4222 aliquod
229 4141 352 4220 primum
377 4140 471 4203 fuisse
494 4140 603 4202 fatetur
621 4141 787 4217 Eusebius,
815 4141 932 4201 minime
955 4140 1037 4219 proin
1063 4141 1226 4201 contrarius
1251 4138 1299 4218 iis,

83 4249 160 4309 qnae
184 4249 222 4289 ex
240 4230 393 4291 Lactantio
418 4226 602 4309 protulimus.
636 4228 887 4304 Quemadmodum
912 4248 981 4288 vero
1003 4227 1062 4308 jam
1083 4247 1173 4306 supra
1193 4229 1300 4287 obser-

81 4315 235 4391 vavimus,
261 4316 480 4381 Diocletianum
499 4315 529 4375 in
554 4319 724 4395 exequendo
745 4316 868 4379 consilio
894 4316 929 4378 dc
953 4315 1104 4376 abolendis
1123 4313 1301 4377 Christianis

80 4404 229 4484 gradibus
247 4403 287 4465 uti
308 4404 453 4479 voluisse,
472 4402 513 4463 ita
528 4402 558 4462 in
573 4402 720 4483 praesenti
738 4424 844 4467 nauum
860 4402 949 4485 hujus
966 4401 1008 4463 rei
1026 4400 1172 4482 specimen
1192 4401 1300 4486 depre-

83 4490 176 4556 hendi
204 4512 290 4577 posse
315 4493 527 4556 existimamus.
579 4488 677 4554 Primo
701 4490 779 4554 euim
807 4491 920 4570 edicto,
947 4511 1012 4552 cum
1047 4487 1161 4553 scilicet
1191 4511 1225 4553 cc
1250 4508 1300 4554 res

132 4593 200 4636 Thes.
213 4594 319 4648 antiquitt.
331 4594 403 4636 christ.
414 4592 445 4634 ΙΙ.
454 4600 479 4643 2.
1054 4590 1099 4657 20
