3067 5075
248 259 315 325 aaa
392 278 395 281 ·
517 308 520 313 .
618 253 785 320 «xem
817 226 928 317 dome
944 251 1058 335 noyer

250 432 389 495 defuncta
407 450 499 494 uxore
523 431 669 505 secunda,
690 429 803 491 tertiam
827 428 960 505 duerit,
983 435 1049 507 post
1070 422 1279 508 poeniteutiam
1301 420 1417 484 biennii
1431 421 1461 484 in
1506 410 1507 463 l

251 517 382 581 ordinem
402 517 542 579 laieorum
560 518 666 597 coegit,
691 516 825 597 dignitati
842 537 907 579 eum
924 516 1038 578 restitui
1056 511 1204 595 prohibuit
1223 529 1289 573 can.
1307 508 1339 571 4.
1363 512 1459 571 eodeu

251 609 346 684 modo,
363 617 395 666 ut
408 605 510 681 laicus,
527 606 576 686 qui
591 617 656 686 post
669 604 784 684 lapsum
798 603 1004 666 reconciliatus
1018 600 1165 664 ecciesiae
1178 599 1286 675 fuerat,
1302 599 1341 658 ad
1353 597 1459 660 oleran

252 695 466 776 promovendus
498 713 556 754 non
585 704 664 768 erat,
699 692 755 753 nisi
779 692 955 754 necessitate
977 699 1112 768 urgente.
1158 686 1237 748 Tum
1263 685 1459 765 deniqueret

251 781 370 844 lectoris
385 793 435 842 aut
452 780 562 841 ostiarii
584 774 703 841 munere
723 780 809 858 fungi
829 779 937 840 licebat
951 799 989 840 cx
1005 779 1122 839 decreto
1138 775 1254 856 ejudem
1271 762 1459 835 concilii-
1507 818 1508 833 .

251 868 280 951 §.
296 870 326 929 t.
352 867 502 929 Neminem
521 864 625 928 fallant
642 866 807 943 Barooius,
833 865 1038 940 bellarminus,
1065 865 1125 925 Leo
1143 860 1273 925 hilarius
1294 872 1323 923 et
1340 859 1394 941 qni
1412 879 1458 920 eos

251 963 431 1037 sequuntur,
455 955 503 1035 qni
530 954 634 1016 laicam
654 954 886 1015 communionem
906 954 990 1015 toties
1009 960 1196 1016 memoratam
1214 948 1344 1029 antiquis
1364 950 1458 1009 docto-

227 1036 231 1051 '
252 1043 334 1104 ribus
351 1045 388 1103 de
404 1042 605 1103 communione
621 1043 676 1103 sub
694 1062 752 1102 uua
768 1041 869 1121 specie
885 1063 922 1103 ex
933 1037 1332 1102 Patrum·Conetantiensinm
1347 1037 1458 1097 decreto

251 1135 488 1208 interpretantur.
527 1130 679 1191 Sententia
711 1130 843 1191 inaudita
873 1139 902 1190 et
923 1149 942 1189 a
966 1147 1045 1189 seeo.
1071 1124 1188 1187 illorum
1219 1123 1352 1189 doctrina
1381 1122 1458 1202 plane
1508 1130 1509 1193 l

251 1217 429 1293 abhorrens,
455 1216 541 1296 cnjus
563 1237 691 1278 errorem
713 1218 773 1297 jam
792 1218 843 1278 diu
863 1216 988 1297 explosit
1005 1215 1070 1277 Nic.
1088 1212 1256 1293 Rigaitins,
1278 1210 1308 1272 in
1334 1213 1459 1272 ontnrd·

252 1311 371 1366 ocrcinn.
389 1303 418 1363 iu
437 1301 552 1384 epistol.
571 1305 626 1365 ab:
640 1324 666 1384 p.
688 1305 757 1366 ton.
778 1337 814 1350 -
837 1302 865 1385 §.
882 1306 911 1365 ὁ.
933 1302 992 1380 Qui
1010 1323 1047 1365 ex
1065 1299 1282 1382 poenitentibus
1299 1297 1364 1361 sire
1383 1296 1459 1360 iaicis

253 1391 316 1453 nire
335 1391 453 1452 clericis
472 1390 509 1452 ab
528 1391 736 1471 haerctioomru
756 1400 807 1453 aut
825 1389 1076 1453 schismaticorum
1093 1387 1243 1449 erroribus
1260 1389 1298 1448 ad
1317 1386 1458 1447 veritatem

252 1480 404 1541 doctrinae
428 1483 656 1555 revertebantur,
682 1498 782 1540 eorum
805 1487 878 1555 erat,
897 1490 1052 1558 autequam
1076 1475 1141 1557 pari
1160 1495 1227 1537 cum
1244 1473 1385 1535 fidelibus
1399 1473 1458 1555 jure

252 1567 435 1642 fruerentur,
460 1586 535 1646 quae
556 1565 587 1626 in
611 1564 691 1627 ludio
713 1564 926 1626 haereticorum
951 1567 1138 1638 audiverant,
1162 1582 1239 1643 quac
1257 1561 1407 1635 viderant,
1427 1579 1458 1621 ea
1509 1624 1510 1631 ,

253 1653 370 1732 publice
386 1673 534 1732 exponere
551 1674 588 1714 ex
605 1651 812 1713 constitutione
824 1651 969 1714 Heraclae
986 1663 1015 1714 et
1026 1650 1161 1733 Dionysii
1172 1649 1256 1713 Alex.
1273 1650 1353 1728 apud
1366 1648 1457 1710 Ense*
1509 1648 1510 1681 ³

254 1739 333 1799 bium
366 1739 434 1799 hist.
460 1738 581 1812 ecM,
610 1742 640 1801 7.
687 1738 766 1800 Tum
802 1759 957 1819 perversae
988 1739 1137 1801 doctrinae
1168 1756 1296 1799 errorem
1329 1736 1457 1816 abjurare

253 1842 398 1905 suamque
415 1824 560 1888 ecelesiae
579 1825 662 1886 fidem
678 1825 873 1906 adstringere,
896 1847 930 1888 sc
947 1826 1119 1912 doctrinam,
1138 1843 1225 1907 quam
1241 1843 1302 1886 nna
1319 1830 1457 1885 sanmact

252 1910 398 1975 catholica
415 1910 543 1974 ecclesia
565 1911 758 1993 profiteretur,
777 1913 964 1994 imposterum
984 1935 1050 1976 esse
1069 1913 1271 1994 professuros.
1315 1912 1380 1973 Hac
1398 1910 1456 1991 lege

251 1999 361 2081 recepti
378 2000 497 2062 fuerunt
512 2001 542 2060 in
556 2000 691 2062 Romana
705 2001 833 2064 ecelesia
847 2001 1006 2077 Maximus,
1024 2002 1171 2077 Urbanus,
1189 1999 1342 2076 Sidonius,
1359 1993 1456 2059 Maca·
1510 2002 1511 2055 l

251 2087 324 2160 rius,
348 2087 544 2164 confessores,
566 2088 830 2151 aNoratinnurum
846 2087 963 2151 haeresi
982 2091 1147 2164 redeuntes,
1164 2090 1201 2149 de
1217 2107 1343 2166 quorum
1360 2083 1456 2166 poeni·
1510 2086 1511 2101 ³

251 2176 343 2238 tentia
361 2186 390 2237 et
411 2175 530 2256 publica
555 2177 663 2238 erroris
681 2176 899 2239 abominatione
915 2178 953 2238 ad
970 2175 1148 2258 cyprianum
1173 2174 1294 2253 scripsit
1310 2172 1456 2235 Cornelios

196 2267 201 2276 '
252 2261 338 2343 epist.
362 2262 439 2324 inter
457 2261 650 2344 Cyprianicas
666 2260 720 2324 49.
763 2264 829 2325 Hac
845 2264 920 2343 *lege
939 2262 1125 2344 recipiendus
1148 2272 1209 2323 erat
1227 2261 1393 2338 Nestorius,
1413 2257 1455 2340 qai

250 2350 399 2411 infaustae
421 2350 546 2411 nominis
563 2348 652 2430 hujus
667 2350 784 2412 haeresi
801 2350 944 2431 originem
968 2350 1056 2426 dedit,
1074 2371 1111 2412 ex
1127 2352 1244 2411 decreto
1260 2348 1392 2424 Patrem,
1413 2344 1455 2428 qui

251 2436 282 2497 in
301 2438 412 2516 synodo
435 2434 624 2497 oecumenica
642 2438 679 2497 ad
695 2436 911 2517 profligandum
935 2439 1001 2518 ejus
1017 2457 1144 2500 errorem
1160 2436 1274 2517 Ephesi
1292 2431 1454 2515 congregati
1511 2422 1512 2445 ¹

250 2522 376 2601 fuerant,
401 2525 478 2603 qnod
503 2521 676 2603 intelligitur
700 2545 737 2585 ex
760 2524 903 2607 synodica
920 2527 956 2588 ad
975 2524 1142 2590 Nestorium
1159 2524 1296 2604 epistola.
1321 2556 1365 2570 -
1387 2522 1413 2607 d.
1427 2520 1452 2585 ii.

250 2611 318 2673 Non
341 2630 409 2671 vcro
434 2609 506 2672 satis
530 2620 601 2686 erat,
625 2610 761 2693 ejurasse
785 2633 922 2689 errorem,
945 2612 1126 2693 poenitentia
1144 2612 1230 2675 edam
1248 2610 1453 2692 delenda-erat,

250 2718 327 2779 quae
341 2718 359 2760 a
376 2698 506 2761 veritatis
524 2698 656 2760 adultero
672 2700 814 2780 adspersa
830 2700 927 2764 fuerat
943 2698 1099 2777 ecelesiae,
1120 2699 1212 2763 labes.
1238 2699 1304 2760 Non
1322 2719 1382 2760 una
1397 2694 1453 2778 qui-

251 2789 316 2848 dem
336 2786 565 2869 eademquehio
581 2786 638 2849 fnit
656 2787 850 2850 eeclesiarum
868 2789 974 2852 ratior¹
997 2789 1032 2856 ln
1051 2787 1118 2849 aliis
1137 2786 1235 2848 mitius
1252 2785 1350 2849 habiti
1361 2780 1454 2866 poeni·

190 2949 192 2954 s
251 2882 345 2937 tentes
363 2873 502 2936 haeretici
520 2884 548 2936 et
562 2874 611 2954 qui
628 2875 665 2936 ab
682 2874 720 2936 iis
739 2876 852 2939 seducti
870 2876 995 2951 fuerant,
1014 2878 1051 2935 oh
1066 2873 1195 2953 insigne,
1214 2875 1292 2953 quod
1309 2894 1349 2935 ex
1365 2891 1453 2934 eorum
1511 2895 1513 2942 ss

140 2991 144 3000 v
249 2963 346 3025 reditu
363 2960 509 3024 ecclesiae
526 2965 725 3043 accrescebat,
747 2964 987 3042 emolumentum,
1011 2961 1077 3023 aliis
1094 2971 1195 3023 contra
1212 2961 1348 3023 severius
1364 2961 1395 3020 in
1409 2978 1452 3020 eor
1497 2981 1513 3030 p

250 3049 562 3126 animadvertentibus,
591 3051 749 3132 praecipue
768 3050 1035 3131 Hispaniensibus,
1061 3068 1136 3129 quae
1160 3047 1254 3130 lapsis
1277 3048 1308 3108 in
1326 3045 1453 3109 haeresin
1511 3053 1513 3100 1

249 3144 353 3216 postea
376 3137 568 3199 redeuntibus
592 3138 798 3218 poenitentiam
822 3138 994 3202 decennium
1020 3135 1188 3200 duraturam
1211 3135 1453 3216 praescripserunt

248 3223 280 3283 in
299 3242 382 3285 conc.
398 3224 597 3301 Eliberitano,
622 3246 687 3287 ean.
704 3226 762 3302 22,
786 3246 871 3305 quam
896 3228 932 3287 ad
957 3223 1106 3288 biennium
1127 3222 1284 3303 disciplina
1300 3217 1450 3285 humaniori

250 3309 394 3371 contraxit
409 3310 578 3388 Agathcuse
598 3331 680 3374 cone.
699 3331 804 3374 canon.
822 3311 874 3373 60.
920 3311 979 3373 Sed
1000 3310 1089 3373 multo
1105 3310 1275 3373 acerbiores
1294 3309 1451 3391 grauiores·

250 3415 308 3474 que
336 3415 449 3476 poenae
479 3395 614 3474 fuerunt,
646 3417 720 3478 quas
747 3407 813 3478 post
838 3397 922 3460 fidem
948 3398 1075 3461 libertati
1103 3405 1247 3461 assertam
1274 3397 1450 3479 imperatorer

250 3482 402 3545 christiani
420 3485 457 3545 ab
473 3482 514 3544 iis
527 3484 714 3565 repetierunt,
732 3486 781 3567 qni
799 3485 968 3567 opinionum
986 3486 1175 3568 perversitate
1189 3484 1341 3547 veritatem
1356 3481 1450 3546 doctri-

177 3619 178 3622 .
234 3589 306 3642 ,nae
323 3568 553 3642 labefactabant.
591 3571 677 3635 Soliti
694 3572 830 3635 nimirum
847 3573 890 3635 iili
909 3574 1002 3652 fuere,
1019 3593 1131 3655 poenas
1148 3573 1355 3654 episcoporum
1371 3590 1450 3634 cano·

248 3660 332 3723 nicae
356 3659 500 3722 interdum
524 3681 635 3741 augere
659 3663 761 3741 poeuis
788 3659 935 3725 ciuilibus.
979 3663 1046 3725 Huc
1070 3661 1182 3724 faciunt
1199 3660 1391 3723 'Constantini
1405 3656 1448 3733 lt,

248 3748 457 3824 Valentiniani,
482 3747 626 3821 Gratiani,
645 3748 779 3827 Honorii,
798 3749 1034 3812 Theodosiorum
1053 3748 1236 3832 aliorumque
1254 3751 1291 3811 de
1306 3744 1449 3812 haereticis

248 3834 278 3894 in
297 3835 397 3897 codice
414 3836 530 3897 Theod.
551 3836 646 3915 leges,
665 3856 788 3916 quarum
807 3837 963 3900 autoritate
979 3857 1068 3917 saepe
1085 3836 1171 3898 bouis
1190 3836 1302 3899 multati
1320 3835 1448 3904 omnibus,

248 3940 324 4002 quae
343 3920 462 4003 juribus
483 3921 547 3984 fisci
565 3922 784 4001 addicebantur,
806 3924 865 3985 imo
880 3944 949 3985 nero
968 3923 1074 4003 capitis
1092 3922 1278 3986 condemnati
1294 3924 1387 4000 fuere,
1408 3916 1448 4003 qui

224 4008 278 4070 ‘in
307 4008 422 4071 haeresi
446 4021 668 4088 perseverantes
692 4011 856 4073 obstinatos
880 4010 1027 4075 habebant
1049 4013 1088 4073 ad
1116 4011 1319 4073 defendendos
1337 4024 1447 4073 *erraret

247 4097 371 4159 animos.
416 4096 523 4160 Verum
549 4108 581 4159 ut
612 4094 753 4162 bonorum
778 4097 925 4163 ecclesiae
955 4097 1084 4160 omnium
1106 4108 1175 4178 post
1195 4087 1399 4179 poeniteutiam
1425 4100 1447 4155 et

173 4241 176 4246 ,
247 4184 398 4247 doctrinae
414 4180 575 4246 catholicae
598 4183 814 4264 professionem
831 4185 991 4267 participes
1007 4182 1052 4247 ilii
1069 4185 1177 4249 fiebant
1193 4196 1222 4248 et
1236 4196 1394 4266 compotes,
1414 4181 1447 4243 iit

247 4280 276 4333 et
301 4270 541 4352 privilegiorum,
574 4271 806 4351 irmuunitatnm,
836 4275 946 4354 jurium
974 4273 1120 4349 omnium,
1150 4273 1261 4355 quibus
1292 4295 1331 4337 ex
1360 4270 1446 4352 legun

246 4358 453 4422 sanctionibus
472 4359 539 4422 boni
567 4379 668 4422 omues
690 4360 722 4420 iu
745 4359 896 4442 republica
923 4360 1003 4424 cives
1027 4363 1213 4443 gaudebant,
1243 4381 1318 4425 nnus
1346 4362 1382 4422 ad
1403 4373 1461 4434 cos,
1512 4397 1513 4400 =

244 4446 341 4517 denno
361 4446 551 4527 perveniebat
574 4445 784 4532 amplissimus.
830 4448 914 4514 Uudc
939 4468 1025 4532 quam
1051 4448 1163 4532 grania*
1179 4448 1292 4516 fuerint
1313 4443 1446 4515 ecciesiae
1512 4475 1513 4488 κ
