3067 5075
260 252 261 255 '
277 260 342 324 822
715 251 821 320 mv.
851 251 919 319 tto.
934 250 1059 318 Brikius

278 433 311 497 S.
328 430 527 512 scripturam,
550 448 637 509 quani
653 428 785 510 alioquin
802 430 840 491 ad
858 429 1041 494 traditionem
1057 445 1201 511 quaem
1216 434 1247 488 ci
1258 423 1384 491 nauto
1397 423 1449 486 dle·

278 542 343 583 rum
362 522 475 600 eripere
492 515 621 597 gentiles
640 536 698 577 oon
715 516 891 599 potuissent.

364 608 421 686 20)
438 608 539 667 Fidem
555 604 644 686 liujus
661 605 705 667 rei
719 605 791 666 iacit
806 605 891 667 uobis
907 613 1040 686 apertum
1053 600 1151 686 Optnti
1162 600 1266 666 Milev.
1281 600 1452 673 testimouium,

133 718 142 735 ·
196 736 201 747 ‹
278 696 328 777 qui
348 695 391 774 (3,
408 694 452 773 8.)
470 698 522 755 otii
537 697 709 772 creabuntur,
727 694 832 774 inquit,
851 697 953 775 templo
969 700 1021 754 Dei
1036 694 1265 783 uiuiseboeriera
1281 693 1329 752 olii
1344 692 1450 751 bbrietrro

278 805 395 860 aspare,
428 785 479 843 olii
503 786 574 860 lepos
595 784 708 844 diuinos
733 785 884 844 tarnodere.
923 782 968 842 Eo
994 801 1089 861 usque
1116 781 1193 843 ruini
1218 772 1352 859 processit
1370 774 1450 854 inpius

273 883 497 951 persecutorum
514 870 608 946 furor,
625 882 658 930 ut
673 869 758 931 etiam
776 869 957 932 concitarent
973 888 1075 931 corum
1092 869 1223 949 aliquos,
1237 866 1285 947 qni
1300 863 1451 934 tradideram

278 979 336 1038 qno
359 957 471 1039 ipsi·in
493 957 593 1037 ignem
617 977 703 1019 sacra
727 958 874 1018 volumina
893 948 1048 1019 mitterent.
1092 955 1253 1037 Speciutim
1271 956 1299 1014 id
1317 955 1349 1014 de
1363 951 1450 1017 Victore

186 1092 190 1099 -
277 1045 493 1107 Rusiccadeusi
519 1045 653 1106 adbrmut
669 1047 863 1119 Augustinus
883 1047 1000 1125 (contro
1020 1049 1194 1107 demonium
1215 1048 1347 1103 nooman
1367 1035 1450 1112 bil.)

278 1145 306 1194 ot
332 1135 407 1194 alios
433 1134 518 1194 etiam
545 1131 665 1194 Africae
689 1134 846 1214 episcopos
871 1134 959 1215 bajus
985 1134 1115 1195 criminis
1138 1153 1156 1194 a
1178 1129 1350 1203 Donatistis,
1372 1134 1450 1187 teucro

277 1221 347 1283 licet
372 1220 557 1282 insimulatos
582 1220 695 1297 luisse,
721 1223 888 1283 observarit
905 1223 1072 1283 Plauuerus
1097 1221 1230 1305 (otum.
1248 1222 1282 1280 da
1297 1214 1451 1278 'Proditorittr

261 1307 305 1390 '§.
324 1311 354 1370 5.
374 1332 402 1388 p.
420 1312 482 1369 237
499 1312 555 1388 so.)
578 1329 645 1369 euru
668 1322 764 1371 tamon
781 1308 841 1389 ipsi
858 1309 955 1391 potius
973 1310 1145 1371 Donatistae
1162 1309 1192 1368 iu
1208 1307 1312 1387 oppido
1328 1297 1449 1380 bagaiensi

278 1397 395 1457 codices
413 1417 529 1479 quoque
547 1409 666 1458 sanctos
685 1398 714 1457 iu
737 1396 837 1476 iguem
855 1398 973 1459 misisse
992 1402 1029 1461 ab
1047 1397 1195 1479 episeopis
1212 1390 1358 1465 catholicis
1372 1386 1450 1449 fuerin

276 1485 414 1545 convicti.
460 1485 610 1546 Fortassis
629 1506 694 1546 cnm
714 1483 770 1547 bac
790 1487 855 1565 ipsa
874 1484 1029 1549 traditione
1055 1500 1143 1566 atque
1162 1483 1314 1546 exustione
1331 1477 1449 1557 conjuncti

277 1594 394 1654 quoque
420 1572 477 1633 fuit
503 1573 612 1634 Christi
640 1574 758 1652 negatio
785 1585 835 1634 aut
863 1576 1039 1637 exsecratio.
1084 1575 1172 1636 Certa
1196 1573 1257 1653 iam
1287 1562 1448 1646 antiquissimo

278 1672 406 1740 temporo
431 1661 548 1739 petitam
571 1661 667 1721 luisse
693 1661 838 1741 ejusmodi
863 1662 1094 1723 exsecrationem
1114 1660 1226 1723 Christi
1248 1661 1283 1719 ab
1301 1655 1383 1735 ipsius
1399 1668 1448 1711 ton·

276 1746 453 1823 sessoribus,
476 1748 601 1809 ostendit
619 1749 746 1828 epistola
765 1749 911 1811 eeclesiae
931 1749 1119 1832 Smyrueusis
1138 1752 1175 1810 de
1195 1745 1331 1827 martyrio
1346 1742 1373 1803 S.
1386 1736 1448 1815 Pulp-

277 1834 359 1913 earpi
385 1836 477 1914 (apud
495 1836 670 1898 Ruioartum
688 1844 717 1898 io
733 1841 944 1914 Actioruortor.
959 1846 1059 1900 siucer.
1076 1860 1103 1918 p.
1122 1837 1190 1933 88.)
1208 1835 1238 1895 io
1258 1854 1312 1915 qua
1329 1821 1447 1910 pretend

277 1922 471 2003 Polycarpum
503 1923 543 1984 ita
569 1924 765 2006 compellasse
790 1924 914 1989 dieiturr
945 1916 1131 2005 borddprpoor
1153 1944 1211 1985 ror
1231 1909 1373 2002 Χριστὸν,
1400 1920 1448 1972 dit

276 2014 393 2071 dimitto.
439 2011 550 2071 Eodem
568 2016 655 2074 modo
676 2013 762 2073 etiarn
783 2013 896 2074 Plinius
917 2013 1068 2075 notissima
1086 2011 1194 2074 illaad
1212 2009 1364 2090 Traianum
1380 1996 1447 2071 relect

170 2098 174 2103 ’
275 2105 439 2178 repetiisse,
457 2109 488 2160 ot
505 2103 656 2161 bilristioai
672 2103 864 2162 maledicerent
882 2103 999 2163 diariato.
1031 2100 1161 2161 Dubium
1176 2098 1269 2179 igitur
1285 2095 1329 2157 rix
1343 2084 1446 2166 estquis

276 2186 362 2246 etiam
381 2208 399 2247 a
416 2187 634 2265 Traditoribus,
651 2188 678 2249 si
695 2209 752 2250 nou
770 2189 913 2265 omnibus,
931 2188 1081 2268 aliquibus
1097 2200 1195 2250 tamen
1213 2197 1241 2248 et
1254 2184 1291 2245 iis
1306 2173 1446 2263 pracsmlli

277 2273 326 2355 qui
344 2273 399 2352 ipsi
418 2274 581 2352 scripturus
598 2276 756 2337 incendere
773 2278 963 2355 cogebantur,
980 2277 1057 2337 idem
1073 2275 1162 2337 inerit
1177 2271 1355 2357 postulatum.
1381 2262 1446 2342 iipa-

204 2430 208 2437 .
278 2369 326 2421 tus
343 2372 422 2421 certe
439 2360 630 2423 Milevitaoos
649 2365 832 2446 conjungere
847 2365 904 2426 ista
922 2364 1034 2426 ridetur
1049 2362 1117 2426 loeo
1134 2384 1204 2427 mox
1222 2360 1323 2434 citato;
1346 2362 1446 2426 stuata

278 2449 374 2508 adbuc
392 2447 563 2510 eoub'rrnare
576 2450 732 2513 Dulcetius
747 2470 880 2532 praeses,
896 2454 933 2514 ad
947 2452 1003 2514 SS.
1017 2459 1152 2534 Agapen,
1170 2440 1445 2541 obliuiscetur·

277 2534 433 2615 iuquiens:
458 2558 570 2618 cumque
586 2542 623 2600 od
641 2542 804 2602 bodieroum
822 2544 893 2602 diem
903 2544 1004 2620 jussos
1020 2564 1038 2602 o
1055 2548 1236 2604 stationariis
1253 2560 1286 2601 oc
1297 2537 1384 2617 primii
1395 2525 1445 2588 ill*

276 2628 366 2698 tibus,
388 2626 490 2686 Glrristi
507 2634 677 2705 sepuitorem
694 2636 828 2708 scriptum
844 2630 986 2709 profiteri,
1009 2632 1102 2705 fucere
1118 2633 1147 2691 id
1164 2633 1309 2699 recessim
1327 2625 1417 2701 puelli
1425 2628 1446 2669 ‘⁸

276 2734 381 2792 ριιιιιιι
395 2717 471 2774 uobis
487 2717 588 2791 dipaos
602 2723 718 2796 occipite
736 2720 798 2798 (ap.
815 2717 991 2778 Ruiuartum
1009 2738 1037 2797 p.
1050 2718 1149 2797 394.).
1194 2716 1298 2778 Saltim
1313 2706 1376 2771 illud
1390 2715 1446 2796 nent

276 2813 384 2862 temere
402 2801 589 2879 inficiabitur,
608 2805 790 2866 traditionem
805 2804 968 2866 istiusmodi
982 2809 1018 2865 ad
1032 2804 1142 2868 Christi
1158 2800 1316 2882 λοιδορίαν
1329 2794 1367 2859 rel
1379 2785 1446 2872 plll‘

276 2890 320 2950 eis
345 2888 470 2950 maxime
502 2910 685 2971 paganorum
712 2892 849 2954 couritiis
876 2893 1114 2975 turpissimisque
1139 2890 1342 2958 scommatibus
1362 2887 1445 2943 oreta·

275 2977 385 3053 luisse,
410 2984 530 3059 quaudo
550 2999 618 3041 seso
638 2989 694 3041 tam
720 2982 842 3061 egregie
861 2982 975 3044 seilicet
997 2984 1035 3042 de
1055 2980 1182 3062 publicis
1208 2983 1334 3044 beorna
1351 2962 1446 3032 homin

276 3065 488 3160 triumplrantes
508 3088 616 3148 magno
635 3085 701 3130 cum
719 3069 876 3151 uoluptatis
895 3090 987 3132 seusu
1003 3069 1148 3133 viderunt.

362 3203 389 3287 §-
402 3202 432 3269 9.
455 3203 498 3270 Ut
510 3204 687 3291 postulati,
704 3207 754 3271 ito
769 3207 892 3274 traditi
906 3228 1034 3298 petoque
1046 3209 1256 3295 potissimum
1270 3205 1342 3270 oroi
1356 3183 1444 3260 eudicti

253 3288 453 3355 'bibliorum
478 3292 646 3372 oaeri3²¹)
679 3293 829 3359 instante
858 3303 973 3361 tamen
1005 3304 1037 3363 et
1061 3303 1201 3382 corporate
1219 3292 1363 3382 judicum
1380 3278 1443 3364 pote·

274 3376 422 3463 state‚²²)
443 3375 523 3442 libri
538 3399 666 3466 preoqoe
684 3380 903 3447 ecclcsiaotici
920 3382 983 3449 olii
990 3431 1000 3469 ‚
1028 3386 1171 3474 demque
1188 3391 1268 3449 octa
1287 3385 1315 3445 ee
1331 3365 1443 3457 colour-

275 3464 380 3529 te'orrcs·
404 3466 665 3552 martyrum,²³)
691 3491 775 3534 ouon
796 3469 933 3536 totidem
956 3494 1061 3537 suero
1085 3480 1117 3538 ct
1139 3470 1353 3538 instrumento
1372 3462 1443 3539 tlilll,

274 3553 407 3639 perieris
425 3552 711 3635 ecelesiastica.²⁴)
746 3554 843 3635 oreae
861 3560 975 3624 omnia
994 3567 1031 3625 tet
1055 3561 1125 3627 ateio
1148 3555 1285 3646 ιίιιμιιὶα
1307 3547 1374 3617 latit
1389 3548 1442 3623 l'l'l

276 3640 580 3729 ⁰⁰²l⁸llt³l⁰rattl>²⁵l
603 3643 654 3709 ito
679 3644 756 3710 iude
774 3646 1052 3737 erubescerem,
1075 3649 1205 3734 inperiti
1219 3645 1269 3714 rei
1284 3629 1442 3708 cbristitlll

267 3726 416 3813 jaetrrree
431 3731 617 3820 perierant.

361 3854 417 3931 21>
441 3851 559 3914 Certum
582 3854 655 3917 illud
681 3866 726 3919 est
743 3868 772 3918 et
794 3868 879 3919 extra
897 3878 1010 3922 emmor
1031 3859 1223 3923 dubitationis
1240 3815 1440 3929 crisopacion

274 3938 307 4001 S.
325 3939 496 4018 Scripturas
514 3941 605 4005 libros
620 3947 779 4007 tradendos
798 3946 894 4007 luisse
912 3960 1000 4029 atque
1018 3950 1248 4026 comburendos,
1273 3945 1351 4023 idque
1363 3931 1439 3992 irruo
1480 3997 1481 4032 p

216 4092 221 4101 ⁶
273 4048 389 4108 qnoque
408 4028 565 4106 diligenter
582 4044 609 4093 et
626 4033 779 4095 Eusebius
798 4045 909 4096 stacta
929 4048 1085 4119 martyrum
1102 4050 1254 4100 testantur.
1295 4029 1343 4092 tite
1357 4012 1439 4121 ''uidi''

273 4115 356 4194 (bist.
374 4117 445 4178 corel.
464 4113 495 4190 8,
514 4120 558 4196 2.)
587 4108 643 4189 τὰς
667 4118 803 4190 ἐνθέους
829 4121 877 4181 uui
903 4115 990 4207 ἱερὰς
1017 4115 1136 4205 γραφὰς
1158 4115 1236 4186 κατὰ
1256 4118 1342 4200 ptrue
1360 4108 1438 4184 apocri

272 4204 347 4281 πυρὶ
371 4197 636 4283 aequimembris,
662 4207 710 4267 sui
727 4228 759 4268 se
776 4208 871 4287 ipsum
889 4213 984 4272 oculis
1000 4214 1111 4275 vidisse
1128 4203 1186 4290 ait'p
1211 4216 1281 4278 baec
1294 4213 1377 4268 suun
1394 4182 1437 4265 plut

272 4290 396 4369 simplici
422 4295 484 4354 rice
503 4294 620 4363 immani
637 4295 760 4356 saevitia
777 4295 887 4360 factum
912 4302 987 4361 idem
1009 4301 1170 4363 certissime
1189 4298 1354 4365 confirmant
1381 4275 1437 4358 Tu?

272 4376 350 4437 ditae
366 4380 456 4457 igitur
471 4393 541 4442 suut
556 4381 589 4441 uri
604 4382 727 4464 γραφαὶ,
742 4381 823 4465 'quod
840 4377 946 4450 eomes
960 4387 1007 4451 rel
1027 4380 1152 4453 maxime
1164 4400 1318 4471 usurpettti
1328 4374 1436 4459 partili}

272 4473 350 4538 tores
381 4462 523 4530 credibile
553 4481 617 4549 est,
651 4491 686 4533 oo
717 4477 796 4555 quud
826 4496 886 4539 nou
915 4488 1027 4542 tantum
1057 4476 1279 4562 πληθινπϋόι
1304 4471 1340 4533 lll
1365 4456 1438 4522 ’Μ’
