3067 5075
545 1254 791 1377 xxxvrr.

68 1472 168 1566 Car.
207 1432 535 1567 Guilielmus
567 1476 922 1566 'Wiedenfeld
964 1474 1018 1562 de
1056 1474 1280 1565 exorcismi

67 1613 243 1730 origine,
287 1616 518 1703 mutatione
560 1615 696 1726 deque
737 1612 864 1735 hujus
904 1614 1010 1700 ritus
1052 1612 1308 1730 peragendi

554 1752 719 1841 ratione
731 1752 784 1869 ').

144 2004 352 2082 lateremus,
369 2025 561 2087 quoscunque
577 2004 736 2088 antiquitus
751 2004 914 2068 christiano
927 2003 1156 2086 adbaptismum
1171 2005 1279 2086 adjun-

71 2082 115 2169 xit,
131 2091 202 2156 ritus
219 2093 327 2155 nulius
344 2095 413 2154 mihi
430 2115 475 2171 ea,
499 2114 558 2176 qua
575 2094 768 2161 exoreism
779 2115 839 2175 us,
867 2092 1047 2155 obscuritate
1064 2092 1178 2154 ridetur
1194 2092 1279 2153 inro-

69 2170 151 2253 lutns
185 2182 274 2260 Quod
294 2203 347 2242 cur
362 2184 499 2245 miremur
516 2182 626 2264 duplex
645 2180 689 2244 est
706 2187 807 2258 caus'a,
832 2204 920 2265 quum
938 2202 996 2242 non
1014 2182 1097 2242 modo
1116 2180 1280 2261 praeteritis

72 2269 246 2350 temporibus,
263 2266 408 2332 universa
423 2269 452 2331 in
470 2269 596 2332 ecclesia
614 2270 661 2332 bie
677 2270 750 2332 ritus
762 2271 908 2352 baptismo
920 2268 1084 2330 firmissime
1101 2267 1189 2330 fuerit
1206 2290 1280 2330 eon-

68 2353 192 2437 junetus,
215 2359 270 2420 'sed
291 2370 393 2419 nostro
415 2379 530 2441 quoque
547 2380 619 2421 aero
645 2358 806 2435 extiterint,
832 2358 881 2441 qui
899 2357 1025 2420 vinculis
1043 2378 1108 2418 euor
1127 2356 1281 2420 exsolvere

74 2442 342 2546 sqgrediautur*').
371 2445 497 2509 Omnino
514 2446 614 2529 itaque
633 2468 738 2530 operae
757 2446 879 2530 pretium
897 2447 1020 2524 ridetur,
1041 2443 1194 2507 clariorem
1210 2444 1281 2508 huic

72 2549 109 2594 rer
124 2530 212 2597 iurem
229 2533 336 2597 afferri
353 2545 439 2619 atque
456 2534 526 2598 mibi
542 2557 608 2599 esse
626 2535 656 2598 in
674 2538 758 2613 rotis,
779 2534 950 2617 diligentius
969 2556 1043 2613 uam,
1063 2556 1149 2616 quam
1165 2531 1281 2597 hucus-

73 2638 120 2698 que
134 2624 168 2684 ab
184 2622 331 2686 historiae
348 2624 570 2707 ecclesiasticae
592 2623 786 2707 scriptoribus
803 2626 911 2686 iactum
928 2624 982 2701 sit,
1006 2629 1185 2705 pertractare
1203 2624 1280 2686 baud

74 2703 192 2771 diffiteor.
213 2714 336 2776 drduae
353 2713 468 2794 quidem
484 2712 560 2791 siae,
577 2734 651 2795 quas
667 2715 743 2775 hanc
759 2712 992 2794 disquisitionem
1008 2711 1195 2773 instituturus
1211 2732 1281 2792 per-

76 2812 178 2860 currere
194 2800 313 2878 debeat,
339 2821 384 2863 me
401 2799 519 2863 minime
536 2800 645 2876 latent;
670 2803 721 2864 sed
740 2800 866 2863 maxime
883 2801 979 2862 frutus
996 2798 1195 2880 indulgentia,
1222 2820 1281 2882 qua

76 2880 203 2954 benevolo
225 2881 331 2951 lectori
351 2887 491 2974 juvenilis
515 2889 620 2952 aetatis
644 2910 726 2952 meae
745 2889 893 2972 specimen
910 2886 1041 2950 arridere
1058 2886 1217 2970 percupio,
1243 2890 1281 2951 nd

76 2963 140 3034 bunc
155 2969 390 3057 disquisitionem
408 2998 454 3039 me
471 2976 599 3041 accinxi.

151 3061 329 3127 'studiturus
348 3064 440 3146 igitur
454 3071 602 3128 exorcismi
618 3070 770 3144 oripinern,
794 3070 974 3127 mutationem
998 3065 1283 3144 eiusque-perapendi

77 3149 205 3225 ratum,
221 3147 250 3212 in
269 3152 371 3216 limine
387 3153 648 3226 commentationis,
672 3152 739 3233 qnid
756 3152 951 3237 etymologine
967 3149 1125 3214 exorcismi
1143 3172 1199 3214 rox
1215 3150 1282 3233 sig-

78 3229 162 3298 nibcot
178 3260 363 3322 quonamque
380 3262 472 3303 sensu
490 3240 617 3305 ecclesia
637 3240 808 3303 Lutberuna
826 3261 890 3303 eam
907 3239 1101 3321 usurpaverit,
1119 3260 1282 3321 exponam3

77 3325 128 3420 ,¹9¹⁰
142 3343 228 3388 vero:
253 3351 292 3393 an
313 3351 350 3392 ex
366 3330 405 3392 N.
423 3329 463 3394 Τ.
480 3330 613 3413 scriptis,
640 3339 668 3391 et
689 3340 834 3411 quatenus
860 3351 897 3392 ex
913 3328 1032 3392 Patrum
1054 3327 1209 3391 sententiis
1233 3327 1281 3391 hic

79 3415 140 3471 ntus
155 3409 398 3499 derivari‘possit,
415 3419 577 3497 ostendam,
596 3436 722 3480 necesse
740 3428 796 3481 est.
819 3453 857 3465 —-
884 3418 912 3502 ξ.
934 3418 961 3479 1.
988 3416 1054 3479 Vox
1072 3414 1227 3482 exorcismi
1245 3438 1282 3481 cx

75 3511 171 3581 ,graeca
184 3499 289 3586 lingua
306 3505 413 3588 petita,
436 3498 490 3568 noi
511 3494 694 3588 ἓξορκισμός
717 3507 865 3568 demuntur
882 3526 901 3566 a
918 3503 1035 3566 nomine
1061 3491 1170 3586 ὅρκος.
1196 3504 1282 3585 idem,

81 3585 143 3679 quod
163 3585 357 3669 juramentum
375 3591 523 3675 signifieat
539 3589 725 3675 nominisque
742 3592 832 3657 divini
858 3591 1070 3656 invocationem
1088 3602 1116 3653 et
1134 3602 1283 3655 contestu-

80 3674 179 3737 ttonem.
216 3680 294 3743 Hinc
310 3691 407 3745 autent
424 3685 515 3745 rerba
539 3674 671 3765 ὁρκίζειν
689 3690 718 3759 et
735 3675 902 3763 ἐξορκίζειν
924 3678 1015 3742 latine
1034 3679 1222 3759 p‘rrrep'nrondo
1240 3684 1284 3744 uei

79 3773 233 3830 uernam
258 3772 368 3850 adipem
392 3769 551 3843 vertimus3
576 3789 671 3851 neque
697 3778 794 3832 tamen
817 3790 876 3831 nou
895 3763 1015 3846 aiterum
1036 3765 1283 3848 significationem

81 3841 231 3919 tonitruus:
267 3863 318 3921 Dei
342 3865 452 3923 nomino
475 3870 501 3921 et
526 3860 622 3921 diuino
646 3864 814 3920 uumoritcte
837 3861 1002 3939 interpositu
1025 3857 1134 3938 aliquid
1154 3863 1284 3939 cuiqnam

80 3942 408 4029 nortmannorum
425 3980 465 3993 -
492 3955 525 4008 ut
541 3953 655 4010 veteres
672 3945 782 4024 dicunt,
806 3945 954 4028 adjurare,
980 3943 1026 4009 rel
1046 3944 1283 4028 otrocrur0***).

82 4074 294 4105 ’κῇ-...-

136 4157 151 4190 ἃ

137 4160 263 4295 *ifflbiie
274 4167 512 4306 iiiiiehbeiarissenbe
531 4241 575 4293 fiir
592 4241 634 4293 die
653 4220 715 4293 norss
732 4257 760 4292 u.
779 4240 936 4293 Domkircbe
953 4240 979 4291 in
991 4238 1088 4292 berlin.
1110 4240 1175 4296 1821
1195 4253 1223 4292 u.
1237 4234 1282 4297 22.

81 4282 154 4370 Upim
171 4301 217 4356 deu
235 4305 381 4379 Ursprunss,
401 4311 451 4361 deu
470 4310 556 4363 lubuit
574 4327 600 4363 n.
622 4311 664 4362 die
683 4310 837 4375 eiigcneitre
856 4301 1022 4375 mosomum
1039 4308 1186 4364 derrelbeo.
1225 4308 1281 4362 Von

81 4369 282 4463 ‘newungeb
301 4377 582 4445 nocturnumque
598 4379 677 4435 1823.
699 4378 729 4432 S.
751 4379 795 4434 δῖ.
1311 4386 1316 4394 ’

176 4440 186 4502 )
202 4440 232 4496 Ε.
243 4445 368 4504 bobini
384 4449 512 4519 disputet.
530 4451 562 4501 de
577 4448 689 4503 tornulo
705 4450 856 4512 verborum,
873 4465 939 4517 quoe
951 4449 1080 4517 baptismo
1096 4447 1283 4503 declarationis

78 4499 148 4554 “¹¹⁸¹
163 4514 286 4573 ”witti
305 4519 399 4586 solent,
422 4533 498 4588 quun
517 4520 689 4575 exorcismum
706 4526 815 4574 vocum.
837 4517 909 4574 liert.
932 4516 1011 4572 teor.
1030 4515 1060 4586 ἦ.
1076 4516 1122 4574 35.
