3067 5075
245 263 311 331 sn
679 260 785 331 xclr.
816 206 1050 347 unisona
1154 343 1165 352 ¹

244 440 365 525 iapens
390 437 622 504 Romanorum
642 434 756 524 faerit·
769 437 906 523 priscae
938 433 1110 523 relipionis
1132 457 1217 504 snae
1247 457 1345 526 cara,
1372 460 1433 506 nero

246 547 313 593 nan
335 532 384 592 est
406 521 568 612 absimile,
587 525 824 609 imperatorem
845 525 916 591 idco
934 525 1142 610 potissimam
1159 521 1262 591 libros
1278 545 1385 591 saeros
1398 526 1435 592 ad

246 634 367 700 rapam
394 613 590 700 domitasse,
621 612 708 700 qeood
727 614 815 696 ipsos
844 611 1034 699 perstititiae
1055 612 1284 697 superstitioni
1305 613 1435 679 aduersos

249 699 530 767 animadverteret
541 698 568 779 ⁹)
592 721 635 765 ac
649 700 790 785 proinde
802 721 866 785 pro
884 698 991 766 atbeis
1006 697 1160 786 baberet,
1182 705 1245 764 aat
1262 700 1434 788 nuptast)

199 856 202 865 ,
249 794 311 854 aat
337 786 498 853 seditiosis
504 784 560 873 7¹¹)
589 787 688 852 inraso
708 785 801 874 forte
824 788 927 853 etiam
947 784 1152 871 simplicibus
1180 792 1214 851 ct
1245 784 1433 873 turbarat)

249 881 351 962 atque
365 876 399 939 its
416 873 604 939 aroiocrsam
618 875 752 939 reonnisi
766 874 813 940 ad
824 870 1048 960 obfirmandos
1058 872 1325 941 Gloristianoram
1338 879 1433 939 cartre

248 963 479 1030 Romanorum
497 957 691 1046 relipioncm
710 962 840 1027 arrienos
857 962 1002 1048 smiptis,
1025 959 1143 1049 yaibas
1161 982 1179 1024 e
1197 959 1303 1026 media
1317 958 1435 1024 sabinis

247 1047 390 1137 facilior
418 1048 570 1131 deinceps
598 1047 724 1135 settara
751 1050 795 1114 sit
817 1046 953 1115 illoram
975 1044 1027 1113 vel
1048 1047 1096 1114 ad
1115 1048 1354 1133 payanissnarn
1371 1067 1434 1113 con·

249 1138 355 1204 versio
377 1134 430 1201 vel
450 1133 653 1202 anniversalis
673 1134 885 1218 interitas.¹⁸)
1487 1148 1489 1211 t

336 1241 373 1322 9)
399 1243 517 1319 Quanta
540 1241 629 1304 luerit
644 1241 797 1319 gentilium
814 1261 895 1318 cura,
919 1260 955 1301 ne
974 1240 1024 1323 qni
1042 1249 1142 1302 contra
1159 1239 1292 1320 ipsorum
1309 1237 1386 1320 leges
1399 1247 1437 1300 ant

249 1328 429 1407 theologiam
446 1328 555 1410 aliquid
580 1328 758 1405 inveherent,
776 1332 852 1410 quad
869 1329 900 1389 in
918 1327 1099 1409 reipublicae
1122 1330 1229 1390 cedere
1246 1340 1343 1407 posset
1356 1327 1436 1406 perni-

250 1418 342 1490 ciem,
360 1417 413 1478 illa
425 1417 486 1496 jam
503 1438 541 1479 ex
561 1426 643 1498 parto
660 1420 828 1495 ostendunt,
852 1437 927 1498 qnae
946 1414 1036 1496 snpra
1053 1416 1286 1478 observavimus.
1310 1416 1437 1494 Quamque

250 1505 359 1567 luerint
373 1505 447 1585 ipsis
464 1505 547 1582 leges
561 1504 630 1567 illae
646 1525 760 1582 sacrae,
777 1506 885 1587 quilius
899 1505 955 1565 boe
967 1504 1061 1584 ipsum
1076 1503 1319 1584 praecipiebatur,
1335 1499 1374 1563 rel
1386 1501 1436 1561 ille

251 1595 337 1656 ctiam
362 1593 504 1672 cognosci
531 1598 641 1671 potest,
671 1595 747 1673 quod
773 1592 926 1672 capitalem
949 1612 1073 1672 poenam
1097 1591 1233 1667 infligere
1257 1588 1435 1651 consueren'nt
1489 1598 1490 1667 t

252 1691 353 1742 eontra
370 1679 437 1740 illas
455 1680 657 1759 peccantibus.
699 1679 771 1740 lnde
787 1700 856 1741 vern
872 1676 991 1759 plannrn
1008 1690 1051 1740 est
1068 1699 1102 1740 ao
1118 1675 1209 1740 facile
1226 1680 1262 1739 ad
1280 1675 1436 1740 Christiano·
1489 1676 1490 1711 ³

250 1788 316 1830 rum
340 1785 443 1828 sacros
462 1766 639 1828 concludere
658 1764 768 1842 libros,
792 1775 893 1846 utpote
910 1766 958 1846 qni
977 1787 1034 1827 non
1052 1775 1162 1828 tantum
1180 1769 1302 1827 oleorum
1318 1762 1396 1824 cultui
1410 1781 1436 1822 ao

252 1853 548 1918 multitudinilarere
561 1875 619 1914 non
637 1865 779 1934 poteraut,
796 1856 848 1916 secl
863 1864 891 1916 et
903 1853 1042 1915 lalsitatie
1054 1854 1120 1933 ipsa
1131 1873 1219 1934 qnam
1233 1850 1435 1914 luculentissime

252 1941 479 2017 conuncebanty
501 1962 559 2021 qno
576 1942 692 2005 scilicet
707 1944 805 2004 auimo
823 1961 969 2023 quamque
993 1941 1130 2019 benignis
1146 1941 1245 2002 oculis
1267 1939 1376 2001 tulerint
1388 1937 1438 1996 illos
1490 1994 1491 2005 ,

251 2029 398 2106 besaines,
421 2029 601 2092 densissima
624 2028 778 2108 religionis
794 2029 898 2092 laedae
915 2027 1042 2107 caligine
1058 2029 1165 2106 obruti,
1192 2030 1242 2110 qui
1260 2048 1360 2089 vanum
1374 2042 1437 2085 onoc
1489 2012 1491 2101 l

254 2139 290 2180 ac
309 2117 463 2200 profanant
482 2117 695 2195 existimabant,
720 2120 796 2198 qnod
816 2138 906 2179 asna
924 2116 1035 2178 ratione
1051 2117 1136 2177 oleum
1154 2116 1270 2177 colendi
1287 2115 1437 2177 abhorreret
1489 2116 1490 2121 ’

166 2226 169 2231 ’
253 2205 298 2269 lta
321 2206 450 2286 prolecto
475 2215 601 2267 meretur
623 2205 672 2267 bic
695 2206 828 2267 adnotari
847 2202 999 2267 Aureliani
1023 2203 1091 2285 imp.
1111 2204 1141 2264 in
1161 2202 1342 2265 Christianos
1363 2198 1436 2261 olion

251 2293 395 2370 immone,
420 2295 457 2353 ob
472 2302 587 2372 spretos
604 2294 641 2355 ab
667 2292 710 2355 eis
725 2293 819 2354 libros
836 2290 999 2372 Sibyllinos
1017 2301 1045 2353 ct
1062 2290 1228 2368 neglectam
1245 2312 1343 2353 eornm
1358 2289 1437 2366 inspe-

254 2382 395 2456 ctionem,
422 2400 507 2460 qnarn
530 2392 626 2442 tamen
642 2380 755 2442 Romae
779 2380 896 2443 maximi
921 2380 1048 2441 habitam
1072 2380 1196 2440 antebac
1231 2391 1260 2441 et
1290 2375 1392 2439 nonnisi
1416 2373 1437 2432 io
1491 2384 1492 2431 l

133 2530 135 2542 ,
252 2466 501 2551 praesentissimis
526 2467 668 2548 perieulis
692 2480 857 2551 susceptam
875 2466 971 2531 luisse
989 2476 1101 2529 canstat
1129 2468 1198 2545 (vicl.
1217 2464 1302 2528 Flav.
1319 2463 1437 2544 Vopiscus
1462 2499 1466 2506 ‹
1491 2466 1492 2487 t

252 2557 594 2630 inconsonantes.
637 2556 780 2619 Nimirum
805 2556 855 2619 vix
880 2556 999 2617 dubimn
1023 2566 1086 2633 est,
1109 2554 1169 2635 jaon
1195 2566 1257 2616 tum
1282 2547 1436 2633 temporisin

253 2654 359 2707 senatu
377 2642 509 2706 extitisse
526 2641 726 2719 Christianos,
751 2644 801 2725 qni
818 2643 999 2724 exploserint
1015 2663 1118 2704 vanam
1135 2642 1344 2724 Sibyllinorum
1357 2639 1436 2716 inspe-

255 2731 379 2793 ctionem
397 2733 434 2791 ab
458 2730 633 2811 imperatore
656 2731 847 2812 postulatam,
873 2731 1008 2793 fallacem
1027 2730 1136 2811 quippe
1159 2740 1187 2792 et
1204 2731 1235 2791 iu
1253 2729 1371 2790 divinato
1386 2742 1437 2803 pro·

253 2819 410 2882 ridentiam
427 2819 574 2899 iujuriam.
619 2827 747 2883 Μιναίαν
763 2842 826 2900 erpo
845 2820 950 2897 (verba
967 2826 1036 2880 sunt
1052 2817 1155 2880 Claud.
1174 2817 1316 2900 Salmasli
1331 2816 1363 2877 al
1378 2814 1400 2873 b.
1412 2807 1438 2885 l.)
1491 2815 1493 2864 ἱ

253 2911 424 2972 Aurelianus
440 2925 496 2969 sna
512 2907 541 2967 in
560 2906 693 2986 epistola,
710 2918 768 2969 tant
785 2912 834 2969 din
849 2910 987 2968 dubitasse
999 2917 1093 2986 putrer
1108 2899 1281 2986 consmiptos
1293 2908 1324 2965 de
1335 2907 1436 2982 annon·

254 2996 299 3057 ‹tts
314 2997 394 3057 tibris
412 2996 566 3072 Sibyllinis,
584 2998 696 3074 perinde
714 3002 795 3077 quasi
810 3003 841 3056 in
859 2998 1080 3056 Christianorum
1095 2995 1208 3054 cocleam
1224 2998 1368 3054 sonantius
1382 2990 1436 3047 ttn·
1492 2997 1493 3004 ’

252 3094 329 3157 rent,
352 3105 407 3145 non
423 3089 453 3145 in
469 3085 582 3144 deornm
603 3090 726 3145 omniane
745 3087 847 3162 templa
870 3093 908 3144 tot
929 3083 1107 3160 sclipianibos
1129 3090 1254 3143 sacrata.
1293 3081 1437 3140 (ibristionn

252 3177 325 3233 enim
340 3177 488 3251 impioram
498 3182 523 3232 et
538 3164 648 3231 ἀθέων
662 3172 930 3247 nontaolmbebunt,
948 3175 994 3249 qni
1004 3171 1077 3229 mole
1089 3170 1121 3227 sle
1133 3170 1311 3246 relipionibas
1322 3167 1435 3233 aaaron,

242 3253 278 3321 'et
293 3259 386 3319 nullos
402 3260 467 3318 dces
484 3260 609 3335 colerent,
625 3261 704 3324 nolle
721 3260 824 3337 templa
842 3265 870 3318 in
885 3260 1014 3318 bonorem
1030 3258 1156 3317 diuorum
1170 3265 1311 3317 eaetrnota
1326 3254 1435 3314 baberent

251 3352 369 3407 Iaonsut
383 3350 467 3422 ipitnr
489 3354 630 3404 senatorer
648 3348 820 3407 Aurelianae
842 3365 872 3405 eo
892 3350 1009 3418 nomine,
1031 3345 1102 3424 quot
1121 3346 1230 3403 tumelin
1247 3344 1380 3405 annuntiis
1393 3337 1436 3395 stit

252 3433 409 3493 distulerint
431 3451 488 3491 rens
505 3437 582 3510 ptum
600 3440 627 3490 et
645 3434 683 3492 ool
700 3435 859 3509 sclipinnem
876 3436 1053 3509 pertinentem
1076 3440 1101 3490 et
1126 3432 1241 3491 deornm
1257 3433 1377 3492 bonorm
1390 3421 1435 3482 onl-

251 3529 361 3598 tumque
382 3528 566 3597 amoenum,
590 3520 722 3581 lbrerons
745 3540 840 3598 nnnpo
854 3520 1052 3594 Sibyllinorum
1073 3524 1276 3598 inspectionem.
1319 3510 1436 3575 Mittino

248 3605 413 3686 reliqua-et
429 3605 566 3667 lectorem
584 3617 714 3668 nostrum
733 3608 770 3668 ad
797 3606 893 3685 ipsum
912 3605 1090 3667 Salmasiarn
1107 3605 1292 3684 ablegamus,
1311 3601 1356 3683 qni
1371 3595 1435 3659 elion

250 3693 359 3756 ibidem
379 3694 501 3773 elegans
518 3693 624 3756 Justini
641 3694 730 3756 Mart.
749 3694 943 3755 testimonium
965 3691 1119 3773 produxit,
1147 3713 1259 3773 exque
1293 3710 1341 3769 pre
1364 3679 1435 3747 atbtit

251 3790 281 3845 et
308 3781 402 3843 omnis
428 3780 585 3860 religionis
605 3782 739 3844 hostibus
757 3781 875 3843 habitas
898 3781 992 3842 inisse
1019 3792 1087 3862 tunc
1108 3782 1245 3861 temperis
1269 3775 1435 3841 Christianos,

251 3868 359 3949 oppido
378 3867 544 3931 loculenter
563 3878 649 3949 patet.
693 3870 769 3949 Quis
792 3888 859 3931 sero
880 3867 1008 3943 dubitet,
1034 3867 1111 3930 hanc
1135 3888 1251 3949 quoqne
1277 3861 1434 3926 occasionem

151 4013 159 4020 ,
250 3967 347 4020 natans
366 3954 504 4035 malignis
519 3956 662 4034 hostibus,
685 3968 727 4033 ut,
752 3977 817 4017 eum
841 3955 961 4016 oracula
973 3952 1163 4036 Sibyllarum,
1181 3954 1288 4017 fatales
1300 3944 1435 4036 nolio-ino

250 4066 369 4107 snorum
393 4044 494 4119 libros,
516 4045 634 4105 nonnisi
653 4046 691 4105 ab
714 4043 808 4106 atheis
826 4044 923 4123 sperni
943 4061 1033 4123 passe
1050 4045 1213 4118 crederent,
1233 4041 1260 4102 bi
1279 4041 1434 4103 virosam
1489 4055 1493 4074 ¹

251 4154 336 4195 omne
360 4133 389 4194 in
414 4130 506 4195 libras
526 4133 558 4194 S.
577 4132 610 4196 S.
634 4152 701 4195 vere
724 4130 840 4192 divinos
862 4129 1035 4208 effuderint,
1068 4130 1145 4192 velut
1165 4131 1287 4210 priscam
1313 4124 1434 4188 solventes

250 4220 425 4298 religionem
448 4240 483 4283 ac
509 4220 629 4300 preinde
654 4220 684 4280 in
710 4218 867 4299 perniciem
892 4217 1075 4299 reipublicae
1099 4221 1201 4295 clatus,
1229 4237 1282 4277 nec
1305 4211 1358 4275 nisi
1379 4219 1434 4281 rogo

249 4308 378 4389 igneque
397 4308 503 4389 dignos
526 4318 555 4369 et
578 4328 630 4388 per
654 4304 738 4368 illum
752 4316 874 4368 aeterna
890 4316 975 4367 nocte
994 4306 1191 4386 sepeliendus.
1235 4306 1318 4386 Certe
1336 4291 1434 4361 Diocle-

249 4397 359 4471 tianus,
380 4396 429 4475 qui
449 4395 598 4457 Aureliani
618 4393 763 4456 maximos
780 4394 836 4455 luit
852 4404 1003 4456 venerator
1021 4405 1048 4454 et
1065 4396 1174 4474 dignus
1190 4389 1350 4461 ante'alios,
1368 4394 1433 4462 quet

250 4483 280 4545 in
299 4482 464 4565 principatu
486 4493 673 4564 sequeretur,
698 4482 743 4546 vel
768 4482 853 4562 inde,
878 4492 910 4545 nt
928 4480 1071 4564 conjicio,
1095 4481 1230 4544 stimulos
1249 4493 1357 4564 quoqne
1377 4463 1434 4529 tales
