3067 5075
342 219 379 283 ds
394 214 509 300 edelee
524 223 771 318 sespmrrstt.
786 215 1030 289 meduana.
1232 219 1297 301 180
1401 164 1411 179 ο

88 390 153 468 illa,
185 409 244 473 qen
271 389 359 454 soluti
387 390 535 454 hominurn
563 389 754 455 consultores
783 391 942 474 mortisque
971 390 1122 455 erduno
1145 391 1299 456 suhitam

90 479 222 544 Christos
240 499 348 560 corpus
365 500 450 541 suum
467 482 686 556 concedendurn,
711 479 887 560 sangninem
905 480 1060 542 hihendonr
1079 479 1176 541 sanxit
1192 481 1300 562 suique

90 586 154 647 erga
170 565 310 628 mortales
326 566 413 629 enimi
431 567 540 647 pignos
557 567 661 629 obtulit
676 567 931 648 pretiosissimum.
962 569 1048 648 Aqua
1064 566 1197 628 lavandis
1214 567 1299 648 pedi·

89 656 137 716 hos
154 652 285 716 adhibita
303 664 348 716 est
372 652 544 733 aChrist03
567 655 633 736 quis
657 655 778 736 ignorat
800 676 895 736 aquae
919 654 1073 718 manualis.
1089 654 1166 716 inter
1182 675 1298 736 agapas

89 752 232 823 porrectae
250 763 270 803 a
286 740 473 804 Tertulliano
490 741 552 804 lieri
571 742 743 804 mentionem
760 743 894 824 (apolog.
911 742 1007 820 teht
1035 742 1160 803 Catanen
1179 741 1297 805 Christo

88 829 144 892 lieo
160 829 301 890 dixerunt
317 829 493 908 Christiani,
519 841 550 895 ut
566 831 606 892 ait
620 828 737 892 Plinius
754 832 834 912 (epp.
851 831 888 903 X,
905 831 980 906 st).
1019 828 1099 890 ldern
1117 829 1146 889 in
1164 830 1297 892 conririo

88 916 211 998 paschali
235 937 255 978 ιι
273 916 390 979 Christo
409 928 436 978 et
460 914 603 996 apostolis
627 917 735 980 laetum
760 937 827 981 esse
844 917 1013 980 Matthaeus
1037 914 1104 996 (26,
1122 917 1190 996 30.)
1211 915 1297 980 fidem

87 1003 159 1067 lacit.
191 1003 379 1086 Quanquam,
405 1003 429 1066 si
448 1004 637 1069 Ciucroniurn
656 1007 707 1085 (de
724 1005 799 1066 tricl.
817 1026 843 1086 p.
862 1005 905 1065 97
921 1002 976 1081 ss.)
994 1003 1158 1079 audiamus,
1175 1025 1209 1066 eo
1227 1027 1298 1087 pro-

89 1112 225 1170 gressum,
252 1103 285 1154 ut
299 1089 438 1171 religioni
456 1113 513 1153 non
530 1093 648 1154 duxerit
663 1093 825 1168 adfirmare,
849 1091 879 1152 in
897 1090 935 1152 iis
951 1091 1036 1153 etiarn
1054 1091 1203 1167 ronairiis,
1221 1112 1298 1173 quae

88 1178 222 1241 llotuinns
245 1187 277 1242 et
291 1180 451 1243 Redemtor
468 1189 568 1241 noster
584 1180 660 1242 inter
683 1178 817 1241 homines
840 1190 976 1242 versutus
1000 1177 1044 1239 rel
1069 1177 1297 1260 frequentaverit

89 1266 128 1328 rel
143 1266 290 1344 hahuerit,
316 1267 412 1329 omnia
428 1288 508 1330 more
525 1267 658 1330 Romano
675 1267 878 1329 odininistrats
894 1266 1005 1341 luisse,
1030 1284 1131 1345 parurn
1148 1266 1223 1330 forte
1239 1269 1297 1329 ah-

88 1352 183 1430 luerit,
209 1354 283 1435 quin
308 1355 479 1436 persuaderi
497 1354 583 1416 nohis
601 1355 763 1436 patiamur,
787 1374 874 1435 quum
893 1373 911 1414 a
928 1350 1090 1433 gentilibus
1114 1353 1197 1433 ipsos
1222 1358 1295 1417 adeo

89 1461 187 1503 coenae
202 1441 357 1521 paschalis
372 1441 446 1504 ritus
463 1443 646 1522 derivarent,
663 1461 777 1522 agapas
791 1441 876 1503 etiarn
892 1440 961 1502 iude
975 1440 1173 1503 descendisse.
1199 1441 1296 1518 Quaen

89 1528 229 1590 ciacconii
253 1529 429 1592 sententiam
448 1530 557 1593 refutat
580 1538 608 1592 et
628 1530 695 1613 jure
713 1528 846 1610 quidem,
871 1529 961 1590 dude.
980 1527 1107 1591 Baccius
1131 1526 1296 1611 (deonoti.

87 1612 114 1693 2,
128 1619 182 1699 a).

178 1734 346 1803 Disputatum
364 1741 406 1786 est
426 1736 540 1787 eruditos
561 1736 637 1798 inter,
659 1735 762 1801 quinam
784 1735 864 1785 luerit
882 1734 989 1801 hymnus
1007 1734 1061 1800 ille,
1082 1750 1156 1801 quem
1176 1733 1295 1787 Christus

147 1820 202 1854 curn
226 1805 286 1855 sois
308 1805 510 1859 decantaverit?
545 1803 670 1870 Equidem
695 1804 767 1854 litern
795 1804 860 1853 hanc
885 1818 968 1854 metm
995 1819 1043 1855 uon
1066 1802 1148 1867 lacto,
1177 1804 1202 1854 id
1227 1806 1294 1871 qood

148 1873 222 1924 etiem
240 1873 358 1924 instituti
377 1873 444 1924 ratio
466 1889 514 1923 non
534 1873 676 1940 permittit3
704 1886 753 1921 non
775 1887 877 1938 possum
896 1879 999 1934 tamen,
1022 1872 1081 1937 quin
1101 1872 1164 1923 illud
1185 1888 1295 1925 cousue-

147 1956 255 2006 morem,
289 1941 355 2007 quod
370 1938 407 1992 'in
431 1942 535 1992 concilii
553 1939 661 1992 Nicaeni
685 1956 738 1991 soc.
760 1940 826 1991 sctis
848 1947 876 1990 et
898 1941 965 2006 epod
984 1940 1154 2002 Augustianos
1174 1942 1205 1991 de
1227 1941 1295 2005 trog-

148 2011 238 2060 tnentis
257 2010 412 2076 quibusdum
432 2011 501 2060 illius
521 2010 609 2077 hymni
630 2009 734 2074 legitur,
754 2024 828 2074 quern
848 2015 968 2059 cuntutor
984 2008 1102 2058 Christus
1122 2008 1221 2060 luoeris
1240 2012 1294 2076 ipse

148 2079 186 2128 sui
205 2079 306 2130 dixisse
328 2077 567 2130 uPriseillianistis
586 2077 746 2141 fingebatur,
777 2092 807 2127 co
832 2077 883 2127 ritu
911 2083 938 2127 et
961 2078 1066 2141 ordine,
1094 2084 1123 2127 ut
1142 2093 1189 2143 per
1207 2079 1294 2130 orheru

148 2147 269 2213 dispositi
292 2147 410 2215 discipuli
433 2149 501 2199 ulter
527 2147 634 2199 alterius
657 2160 748 2198 menos
770 2145 1041 2212 comprehendissent,
1069 2145 1188 2197 Christus
1208 2155 1294 2199 autem

148 2215 172 2266 in
192 2217 280 2267 rnedio
305 2217 446 2268 collocutus
466 2217 570 2267 brevoin
596 2216 682 2283 hymni
708 2215 864 2274 sententiosa
890 2215 932 2267 vel
952 2230 1054 2266 versum
1076 2231 1157 2266 uoom
1183 2223 1210 2269 et
1234 2218 1295 2268 itero

149 2285 256 2336 alterum
280 2285 431 2350 recitasset,
458 2285 567 2349 singulis
585 2284 685 2335 vicibus
704 2300 719 2334 a
738 2283 871 2350 discipulis
898 2285 1091 2334 succidentibus
1116 2300 1166 2334 ono
1188 2301 1232 2335 ore
1251 2302 1296 2337 ea·

148 2361 235 2419 ceptus
259 2368 327 2405 voce
344 2354 435 2406 Amen.
472 2353 516 2418 ld,
541 2354 608 2420 quod
626 2368 658 2404 ex
677 2352 743 2404 sctis
761 2353 856 2403 concil.
874 2351 983 2404 Nicaeai
1003 2369 1057 2404 sec.
1076 2353 1196 2420 deinceps
1218 2369 1296 2420 eppe·

149 2422 221 2474 rehit.
263 2420 344 2473 Extat
361 2423 463 2486 integro
481 2423 512 2473 de
533 2422 582 2472 hac
601 2437 630 2473 re
648 2421 758 2488 epistola
776 2421 913 2484 Augustini
934 2421 966 2473 ed
985 2422 1115 2473 ceretium
1135 2425 1189 2488 (ep.
1207 2423 1294 2490 net),

150 2506 236 2558 quum,
259 2491 325 2543 lieet
342 2489 479 2543 Fabricius
498 2491 523 2542 in
541 2491 702 2559 Apocryphis
723 2489 777 2542 sois
795 2489 827 2542 ll.
847 2488 879 2541 Τ.
898 2491 1062 2556 exhibuerit,
1087 2492 1128 2543 hic
1146 2499 1232 2544 taruco
1251 2507 1296 2559 ap·

149 2562 267 2626 posuisse
284 2560 405 2626 juvabit,
431 2568 460 2611 ut
483 2577 514 2613 eo
541 2561 632 2614 arelius
659 2561 767 2611 lotiuum
789 2560 852 2610 illud
877 2560 944 2627 apud
961 2561 1131 2626 Augustianos
1157 2576 1295 2614 occurrens

149 2628 321 2692 iragrneutun'u
346 2645 403 2680 cnm
429 2645 523 2693 graeco
548 2629 652 2680 concilii
677 2627 786 2680 Nicaeni
814 2628 926 2691 conferri
950 2637 1037 2695 quest.
1075 2629 1114 2680 lta
1138 2637 1224 2681 nutem
1243 2631 1295 2682 hu·
1343 2653 1353 2665 ·

149 2699 286 2761 rustinus:
322 2701 439 2765 Hymnus
456 2714 529 2763 sose,
547 2715 621 2767 puers
638 2698 728 2747 dicunt
747 2714 802 2760 <sse
819 2699 924 2747 Domini
940 2700 1025 2748 nostri
1037 2703 1103 2750 Iesu
1122 2698 1233 2763 Cdristi,
1250 2701 1298 2767 pei

149 2769 258 2816 mandere
276 2770 401 2832 permovit
415 2767 603 2817 vennatieaess
620 2774 702 2831 tunsa,
718 2768 747 2816 in
763 2767 902 2830 seripturis
919 2768 983 2817 solet
1001 2767 1156 2833 apocryphis
1172 2768 1294 2831 inueniri,

150 2852 213 2902 pene
232 2852 288 2885 sors
301 2837 410 2900 proprie
429 2836 678 2885 Priscillunistnrum
695 2842 764 2898 sunt,
784 2835 832 2884 sed
848 2836 899 2884 olii
912 2852 1012 2904 quoque
1026 2836 1153 2885 haeretici
1169 2837 1215 2900 eis,
1232 2853 1295 2886 ace·

149 2906 281 2954 seuerum
297 2913 424 2953 sectorum
441 2904 573 2970 impietate
589 2904 716 2953 vanitatis
732 2911 852 2968 utuntur,
870 2904 939 2953 inter
954 2921 983 2953 se
999 2905 1099 2971 quidem
1118 2904 1220 2954 diuerso
1237 2922 1294 2955 sers-

150 2972 255 3036 tieates,
286 2975 357 3021 unde
384 2989 448 3023 suns
473 2972 581 3040 quisque
603 2966 694 3022 olarios
717 2972 838 3022 haereses
862 2981 922 3022 sset
947 2974 1038 3025 secati.
1073 2972 1126 3021 Sed
1146 2973 1294 3038 scripturae

149 3040 213 3091 estas
230 3041 329 3091 hahent
345 3043 373 3091 irs
391 3058 441 3091 seso
460 3041 610 3091 diversitate
628 3057 777 3104 communes,
799 3057 894 3109 cneque
909 3042 953 3092 eiii
965 3040 1108 3105 praecipue
1125 3040 1294 3109 {reparatore

150 3112 269 3173 molen,
291 3110 339 3177 qni
353 3111 438 3173 legera
454 3118 562 3160 ueterem
580 3118 605 3158 et
620 3098 764 3175 prophetiis
779 3110 915 3160 scaenicos
930 3126 982 3159 non
999 3110 1139 3174 accipiant.
1156 3136 1189 3147 -
1208 3137 1241 3149 -
1260 3138 1293 3150 -

153 3179 201 3241 Qui
222 3180 302 3228 etiosa
322 3179 350 3227 irs
367 3179 505 3244 seripturis
527 3178 657 3228 cononicis
679 3183 708 3232 Τ.
727 3181 763 3232 N.
782 3179 809 3231 h.
828 3196 849 3227 e.
865 3180 899 3227 irs
915 3180 984 3229 ueris
1002 3179 1161 3243 evangelicis
1182 3187 1207 3227 et
1231 3175 1294 3244 epi·

149 3247 244 3296 stolicis
261 3247 357 3296 litteris
375 3263 426 3296 eon
444 3247 576 3312 occipiunt
592 3248 687 3305 omne'o,
707 3248 755 3297 sed
771 3248 841 3316 quod
856 3248 944 3297 volunt
963 3256 987 3297 et
1005 3248 1084 3297 libros
1102 3247 1213 3311 eligunt,
1230 3265 1294 3315 peres

151 3316 290 3380 accipiunt,
309 3316 371 3365 nle'is
389 3316 591 3381 improbetis-
609 3316 827 3366 ΡνιὶιοιἸΙὶιιηίιιιιε
844 3333 903 3366 vero
923 3317 1054 3381 acce'piunt
1073 3316 1157 3365 omniu
1175 3325 1200 3365 et
1218 3334 1295 3366 ωηο·

150 3382 207 3431 sien
224 3393 249 3433 et
267 3384 417 3451 apocrypha
435 3385 520 3438 umal.
555 3381 611 3433 Sed‘
624 3400 792 3453 quaeeunque
806 3394 897 3435 conten
914 3402 957 3435 eos
972 3394 1042 3444 sient,
1064 3385 1092 3433 ie
1108 3401 1173 3433 sune
1189 3402 1295 3450 perver-

48 3461 54 3476 ⁸
150 3450 234 3502 st'toett's
250 3469 351 3516 enisos,
371 3453 513 3520 aliquando
531 3453 630 3516 collido
647 3461 673 3502 et
692 3462 798 3515 astuta,
815 3455 958 3521 aliquando
975 3455 1089 3503 ridiculo
1108 3462 1132 3501 et
1148 3455 1235 3504 hebeti
1250 3473 1294 3504 ex·

150 3520 275 3581 positione
289 3529 451 3585 pervertunt.
472 3548 504 3560 -
522 3548 552 3560 -
573 3521 664 3571 Hebes
680 3522 758 3572 verda
778 3538 863 3571 eerarss
881 3522 909 3570 in
926 3524 971 3570 illo
984 3524 1073 3586 posita
1092 3523 1194 3571 cedices
1217 3522 1294 3589 Hym-

152 3602 197 3637 nus
215 3587 317 3640 Domini
338 3605 412 3655 quem
435 3589 502 3640 dixit
524 3581 625 3641 s'ecrcte
646 3590 744 3640 narretis
761 3590 892 3658 Apostotis
912 3590 1061 3656 discipulis,
1086 3589 1147 3655 quie
1170 3592 1294 3657 scriptum

152 3657 225 3708 estin
245 3659 395 3721 evangelio:
417 3657 514 3726 llpsnno
530 3659 599 3710 dicto
613 3658 749 3710 adscendit
765 3659 792 3709 ia
811 3665 1001 3710 montem-et
1017 3658 1060 3725 qni
1079 3659 1105 3708 in
1125 3673 1224 3711 cunone
1243 3676 1293 3710 uon

150 3727 323 3794 rotpertum,
346 3734 452 3795 propter
469 3743 530 3791 eos,
551 3728 594 3794 qni
612 3727 752 3779 secundom
770 3743 799 3779 se
817 3728 933 3779 sentiunt
949 3734 977 3778 ct
993 3743 1043 3778 noo
1061 3728 1201 3780 secondum
1219 3725 1295 3796 spiri·

151 3798 203 3846 tom
219 3799 249 3856 et
262 3797 400 3848 veritatem
408 3796 466 3861 lici,
485 3812 526 3858 eo,
546 3797 612 3864 qnod
630 3797 753 3863 seriptum
772 3803 825 3849 est:
843 3797 1122 3860 sacramentaneus
1140 3797 1234 3864 bonurn
1253 3806 1295 3851 cst

152 3849 323 3940 apsconderc,
352 3881 432 3931 opera
456 3872 542 3917 autem
557 3865 616 3926 3ltci
640 3865 759 3917 revetere
783 3865 951 3918 honorificum
976 3873 1026 3919 est.
1062 3867 1117 3916 ttlo
1137 3876 1175 3918 est
1194 3883 1294 3932 neeges

152 3945 234 3981 tenta
257 3933 343 3999 ra'tie,
369 3951 416 3983 cur
439 3933 488 3983 iste
511 3934 617 4002 hymnus
637 3949 686 3983 nore
705 3935 740 3985 sit
760 3935 787 3984 irs
810 3952 916 3986 esnone.
935 3965 969 3977 -
991 3963 1024 3976 -
1051 3939 1126 4001 Ergo
1146 3937 1295 4002 scripturae

151 4001 287 4051 emonem
302 4018 354 4051 sen
368 4003 502 4069 pertinent
519 4004 557 4052 ed
571 4011 761 4053 socrasmtum
778 4005 859 4065 regis.
880 4032 911 4045 -
936 4032 968 4050 -ι
995 4005 1096 4055 Deinde
1115 4005 1294 4073 peridomne

150 4074 201 4131 est,
227 4078 257 4119 ret
275 4072 381 4121 eundem
398 4072 516 4138 hymnum
534 4072 580 4121 isti
594 4073 733 4122 secundusne
756 4074 902 4138 scripturas
919 4075 1058 4124 namtas
1075 4083 1198 4125 cessentur
1215 4090 1293 4138 expe·

151 4138 232 4187 aere?
265 4142 295 4190 Si
311 4142 376 4192 enim
393 4139 466 4191 eteedi
479 4141 574 4212 gratia
588 4150 730 4207 propterea
747 4142 776 4191 ire
792 4142 842 4193 isto
860 4144 950 4212 hymno
970 4151 1094 4193 cantetur
1109 4152 1134 4192 et
1152 4141 1266 4194 dicituro
1292 4186 1294 4189 ,

382 4226 489 4278 Solvere
507 4226 566 4277 volo
583 4234 611 4277 et
629 4227 696 4279 solvi
718 4228 785 4291 volo,

381 4294 490 4347 Salvere
508 4296 567 4347 volo
587 4302 615 4347 et
632 4296 730 4348 salvari
750 4296 822 4361 volo,

316 4403 322 4412 ,
380 4363 506 4417 Generarl
524 4365 585 4415 volo
602 4373 630 4417 et
646 4380 772 4429 generare
792 4366 861 4433 velo,

381 4432 494 4488 Contere
513 4433 573 4489 volo
593 4441 621 4488 et
637 4435 740 4496 centeri
755 4435 826 4503 voto,
