3067 5075
385 253 464 318 ‘de
480 252 598 339 hymnis
612 251 759 324 eenietiae
775 253 965 340 apostolieae.
1037 208 1042 220 ·
1116 215 1118 220 Ι
1261 257 1307 326 ut
1440 349 1442 354 ,

77 433 155 498 mito
171 435 228 496 tono
242 431 475 497 neoomrtrodnten.
509 432 672 517 Utramque
688 432 785 498 rsiieit
798 434 824 496 J.
841 433 1085 497 Pearsouius
1095 431 1125 515 *)
1141 443 1229 518 atque
1245 439 1302 500 ad·

76 523 195 599 mnan,
213 521 490 585 execramentum
507 526 632 586 detinente
646 523 714 585 ideo
732 522 857 585 uertisse
874 542 983 603 greeee
999 544 1053 604 per
1067 544 1167 586 runem
1183 515 1305 607 κύριος,

76 610 223 693 quoniam
246 610 320 672 haee
337 612 459 672 eandem
476 631 541 672 uem
566 609 621 698 iilo
642 612 749 675 habeat
764 609 1010 690 significationem
1031 621 1120 693 atque
1135 612 1233 674 itidem
1250 612 1300 674 iu·

74 699 160 761 diest
182 705 236 760 eris
252 698 376 778 primum
392 707 479 780 atque
495 699 710 780 independens,
733 701 810 781 quod
828 701 865 760 ab
881 700 959 761 omni
975 699 1146 763 aeternitate
1161 700 1256 763 extitit
1272 710 1301 763 et

74 787 113 850 in
131 803 245 849 omnem
262 786 381 848 durabit
395 786 609 863 aeternitatem,
629 781 749 868 'semper
763 788 793 848 ia
812 788 958 867 praesenti
974 787 1116 851 existens.
1154 789 1251 865 Quam
1266 789 1300 852 in

76 896 146 938 rem
164 884 305 956 protonat
325 877 362 936 ad
386 873 529 953 originem
544 875 625 938 aneis
643 866 749 956 κύριος
766 884 936 958 monetque,
961 878 1039 956 qnod
1058 878 1308 957 quemadmodum

75 982 149 1026 nna*
164 962 204 1025 sit
219 963 257 1024 ab
273 962 336 1036 aaa,
353 962 394 1024 ita
408 959 462 1023 iiia
478 962 605 1025 derivari
620 965 754 1025 debeata
765 982 874 1044 graeco
892 966 980 1025 verto
998 953 1112 1045 eripere,
1129 967 1205 1044 quod
1223 972 1299 1025 teste

3 1077 5 1080 ·
75 1048 236 1133 Hesychio
258 1050 336 1111 idem
353 1050 391 1112 sit
407 1070 442 1111 ae
461 1038 498 1110 τὸ
515 1043 594 1111 εἶναι
614 1052 659 1114 ιεΙ
677 1039 845 1132 ὑπάρχειν,
870 1050 1033 1113 uniusmodi
1060 1050 1145 1114 etiam
1168 1052 1208 1112 ab
1231 1050 1299 1114 aiiis

77 1149 153 1200 snut
177 1138 344 1216 tradita**).
386 1138 472 1215 Quae
493 1138 544 1200 ubi
568 1139 769 1214 admittamus,
793 1138 884 1217 paulo
906 1149 974 1201 aute
997 1159 1016 1201 e
1039 1140 1126 1200 notis
1143 1140 1300 1206 observate

78 1225 205 1288 multura
223 1222 444 1301 confirmantur,
465 1223 543 1306 quod
563 1215 678 1306 Κύριος
693 1226 770 1288 idem
786 1225 825 1286 sit
840 1245 875 1288 ae
891 1227 991 1303 Dens3
1013 1224 1072 1287 imo
1087 1226 1182 1308 ipsum
1199 1247 1298 1306 augu-

78 1311 245 1377 stissimum
261 1321 347 1394 atquo
358 1311 521 1375 essentiale
537 1312 594 1374 Dei
611 1332 726 1375 nomeu.
757 1312 838 1373 Saue
855 1313 940 1374 solus
955 1315 1039 1376 Deus
1056 1325 1109 1391 est,
1126 1315 1176 1376 cui
1192 1336 1299 1377 cauere

3 1481 7 1484 Ι
75 1405 233 1474 debemus,
251 1399 388 1481 quoniam
400 1400 481 1482 pium
492 1401 628 1463 erratandi
645 1398 817 1463 exercitium
835 1401 1057 1480 partemeuitus
1072 1401 1206 1483 religiosi
1224 1423 1298 1466 eou-

75 1490 184 1567 stitnit,
209 1489 266 1570 qai¹
277 1490 314 1549 ad
330 1489 425 1549 solum
441 1488 539 1552 Deum
554 1496 676 1569 spectat.
714 1487 910 1550 sanctissima
925 1487 1059 1550 Trinitas
1079 1496 1139 1565 est,
1161 1489 1193 1550 iu
1211 1490 1297 1552 euius

74 1578 221 1644 honorem
239 1576 392 1638 cautiones
408 1574 472 1637 fieri
489 1578 644 1639 detentae
662 1596 715 1656 per
739 1596 923 1656 consequens
941 1576 1028 1638 etiarn
1044 1578 1132 1638 Jesus
1151 1576 1299 1654 Christus,

75 1666 130 1749 qni
150 1665 194 1728 uti
211 1664 317 1726 dieitur
333 1656 455 1744 Κύριος
471 1664 639 1729 annaniae
652 1662 712 1726 iioe
728 1663 866 1750 diviuitas
882 1663 948 1726 eius
970 1663 1050 1727 niare
1068 1664 1231 1745 iudicatur,
1255 1665 1309 1728 ita-

73 1765 107 1817 et
124 1750 263 1816 domiuus
282 1762 383 1814 noster
399 1762 445 1813 est
461 1772 519 1813 uou
537 1752 631 1814 solum
647 1772 705 1833 qua
721 1753 815 1829 Deae,
833 1751 980 1814 communi
997 1773 1062 1815 enm
1079 1763 1161 1833 patre
1177 1753 1297 1835 perfee·
1339 1807 1348 1830 ,

75 1842 195 1905 tissima
211 1851 300 1922 atque
314 1837 451 1902 absoluta
467 1837 611 1921 potestate
627 1839 788 1921 praeditus,
813 1859 914 1902 rurum
931 1839 1016 1903 etiam
1032 1851 1120 1921 prout
1136 1853 1237 1903 uester
1252 1848 1299 1904 est

74 1931 232 1996 mediator.
265 1928 425 2008 Postquam
442 1927 517 1990 euim
534 1927 710 2007 sanguinem
728 1948 824 2003 snum,
842 1948 942 1989 rerum
959 1928 1147 1990 redemtionis
1162 1929 1298 2008 pretium,

73 2039 131 2101 pro
147 2015 316 2080 homiuibus
331 2015 419 2092 dedit,
437 2017 574 2097 purgarit
591 2015 648 2076 sibi
665 2002 740 2075 λαὸν
755 2004 947 2091 περιούσιον,
967 2013 1072 2093 1512,
1093 2018 1145 2077 24.
1159 2003 1236 2076 dudo
1251 2016 1297 2086 εἰς

31 2167 36 2175 ,
73 2101 294 2186 περιποίησιν,
321 2105 336 2164 1
357 2110 431 2165 Pete.
447 2101 482 2181 2,
501 2106 532 2165 9.
558 2113 586 2164 et
610 2112 692 2182 pater
707 2100 763 2181 ipsi
782 2099 875 2163 dixit:
899 2113 959 2181 pete
973 2125 993 2164 n
1008 2124 1066 2175 rae,
1090 2101 1226 2164 nimirum
1244 2107 1296 2182 p'ro

74 2193 146 2255 iure
160 2195 222 2270 tuo,
243 2192 321 2271 quod
338 2189 391 2251 tibi
410 2210 462 2271 per
476 2199 594 2272 paetum
609 2210 722 2253 meeum
738 2187 843 2250 initum
861 2188 1055 2270 adquisivisti,
1078 2201 1105 2254 et
1119 2192 1190 2252 dudo
1205 2201 1297 2268 pentes

73 2279 109 2344 ia
126 2285 324 2362 ροοοοιιίοοοοι
339 2289 417 2341 mnne
432 2279 542 2355 ot'tiaos
557 2289 648 2341 uerno
663 2285 708 2340 inu
724 2273 909 2357 possessionis
931 2287 1010 2354 tone,
1034 2284 1085 2339 Pe.
1104 2277 1160 2353 ll,
1178 2279 1207 2338 8.
1232 2276 1296 2338 Nus

75 2378 194 2445 sutem,
228 2386 317 2446 qaum
343 2365 410 2428 emti
443 2386 561 2443 sumus,
595 2365 671 2436 iuris
703 2363 796 2426 nostri
828 2384 896 2427 osse
925 2363 1104 2441 desinimus,
1139 2366 1240 2427 lcor.
1263 2361 1296 2441 d,

79 2456 221 2519 tto-to.
236 2454 268 2531 7,
285 2456 337 2516 23.
360 2456 374 2515 l
392 2460 468 2517 Pete.
487 2454 516 2532 l,
536 2455 673 2516 18-19.
690 2456 778 2532 Aper.
794 2449 824 2528 5,
843 2455 873 2515 9.
912 2452 1011 2515 Jesuur
1028 2451 1176 2515 Christum
1193 2450 1296 2530 igitur,

74 2555 110 2607 ut
127 2543 277 2606 domiuum
294 2552 424 2604 uestrum
442 2543 592 2620 venerari,
613 2542 638 2604 ei
656 2540 765 2603 ouitum
783 2539 953 2621 religiosum
970 2538 1130 2622 praestare,
1154 2538 1297 2602 voluntati

76 2633 145 2696 eius
163 2651 268 2711 parere
285 2640 374 2711 atque
390 2629 523 2707 obedire,
547 2630 583 2691 ei.
600 2628 734 2691 earruiua
752 2648 838 2690 saera
860 2647 966 2691 cauere
984 2618 1141 2691 'debemus
1178 2625 1296 2707 Hisque

72 2718 213 2801 inprimis
229 2725 282 2793 est,
301 2738 385 2798 quem
402 2717 514 2779 Paulus
532 2715 687 2796 signifieat,
705 2736 794 2796 quum
810 2718 848 2777 ab
860 2715 997 2795 Ephesiis
1014 2737 1049 2778 ae
1065 2714 1296 2777 Colossensibus

74 2807 223 2889 requirat,
248 2814 404 2868 ateauaut
416 2801 464 2883 ,roi
481 2803 601 2883 Knpd„
639 2804 692 2864 lite
711 2802 787 2864 euim
806 2813 850 2864 est
865 2805 995 2864 dominon
1012 2803 1102 2884 isque
1117 2803 1182 2883 ipse
1199 2802 1295 2873 Dens,

75 2896 156 2974 (Aut.
172 2891 227 2972 20,
245 2894 329 2972 25),
353 2894 482 2954 &miuus
496 2891 715 2973 oatninmdidid.
738 2887 793 2963 10,
820 2889 906 2965 uo),
933 2893 1061 2952 dontinus
1078 2900 1249 2953 momontum
1270 2898 1296 2949 et

75 2987 228 3045 niomium
251 2971 348 3059 (Bona.
368 2982 415 3054 14,
440 2981 504 3058 9.),
528 2980 656 3040 dominns
675 2980 782 3055 gloriae
805 2975 836 3054 (1
858 2978 980 3036 Curiatio.
997 2974 1028 3050 2,
1047 2975 1112 3053 8.),
1136 2979 1296 3037 doariause

75 3071 162 3133 enslin
180 3069 213 3147 (l
229 3070 352 3130 Gnrimiu
371 3064 422 3139 15,
439 3064 664 3148 47.),-dqmiaau
678 3067 881 3125 &urinantium
898 3064 999 3142 (Apoe.
1013 3062 1065 3138 17,
1084 3064 1132 3121 td.
1152 3058 1201 3133 19,
1221 3060 1295 3141 tte).

47 3152 54 3163 ‘
76 3155 156 3236 Quis
172 3152 265 3233 igitur
280 3152 434 3230 dubitaret,
461 3151 604 3217 eiusmodi
619 3151 727 3231 Κυρίῳ
744 3150 875 3226 earmina
889 3169 976 3210 saera
992 3169 1058 3211 esse
1073 3149 1206 3209 cauenda
1221 3146 1304 3208 iroe-

78 3265 137 3327 que
155 3241 320 3324 apostolum
338 3243 376 3302 ab
392 3240 531 3323 Ephesiis
548 3260 582 3301 ae
600 3237 842 3315 Colossensibus,
865 3237 923 3297 imo
939 3239 977 3298 ab
994 3236 1129 3298 omnibns
1148 3233 1296 3297 Christia-
1410 3276 1414 3283 ,

76 3331 126 3394 nis
143 3340 223 3393 reete
240 3329 414 3411 postularet
448 3329 648 3392 observarunt
670 3325 701 3388 id
723 3324 851 3387 ePauio
874 3323 1085 3406 praescriptum
1109 3332 1296 3404 praeseptum

3 3444 7 3455 ’
77 3417 243 3482 Christiani
259 3415 319 3495 iili,
344 3417 394 3499 qui
413 3416 507 3497 prima
524 3426 619 3478 aetate
634 3408 693 3476 sua'
706 3413 737 3473 iu
753 3413 853 3474 Jesum
871 3410 937 3489 fide,
961 3433 1017 3474 suo
1034 3431 1133 3490 amore
1149 3430 1185 3472 ae
1202 3409 1296 3472 virtu-

79 3507 160 3568 tibus
177 3504 303 3568 maxime
317 3504 490 3566 floruerunt.
526 3505 572 3566 De
596 3500 657 3564 iliis
681 3499 757 3569 euim
775 3499 891 3561 Plinius
899 3499 933 3579 †)
958 3502 994 3562 ad
1013 3498 1176 3561 'l'raiauuur
1194 3497 1295 3573 refert,

78 3598 154 3678 qnod
168 3605 258 3656 essent
274 3595 368 3675 soliti,
393 3601 468 3655 stato
491 3593 534 3655 die
557 3601 622 3654 nette
642 3594 729 3653 terdon
752 3593 895 3651 nonomine
909 3608 1073 3668 carmenque
1090 3589 1199 3648 (diruto
1214 3590 1297 3666 qnasi

149 3868 178 3935 *)
198 3869 226 3921 iu
244 3884 331 3935 expos.
348 3860 428 3936 sysinii.
445 3872 531 3932 upon.
552 3880 579 3933 p.
595 3863 645 3921 idi
666 3878 702 3915 ss.

148 3950 194 4023 **)
212 3954 287 4022 Quod
298 3943 350 4005 voti
362 3944 455 4019 κύριος
472 3951 614 4004 derivanda
631 3951 666 4001 sit
684 3965 698 4001 a
716 3964 781 4001 vene
799 3948 852 3995 *tit
869 3949 954 4009 alona
972 3945 1109 4005 candidare,
1128 3943 1195 3996 uude
1213 3941 1300 3989 niam

76 4018 745 4159 fflifssss,’i⁰⁸;f¹5‘{',{int⁰⁰diffl⁸⁸⁸⁰¹¹³¹¹⁸
762 4019 789 4070 iu
806 4017 913 4067 histoire
930 4016 1039 4082 critique
1056 4014 1088 4063 de
1103 4015 1132 4063 1ο
1145 4013 1298 4081 repetitque

118 4205 125 4212 ·
147 4173 207 4244 m)
228 4177 349 4228 Derane
368 4167 471 4243 κύριος,
490 4176 607 4242 inprimis
624 4175 655 4226 de
674 4173 778 4226 Christo
800 4171 918 4223 adhibita
937 4170 1013 4236 plura
1031 4165 1178 4219 habeutd.
1198 4164 1298 4214 Cuiu-

80 4248 157 4299 vius
178 4246 636 4312 iuserdptisnati1tiorr'niamtom.
655 4243 680 4295 1.
701 4260 727 4310 p.
747 4242 797 4294 175
816 4256 852 4292 ss.
880 4238 905 4291 J.
924 4237 1133 4290 Peursouins
1152 4235 1178 4283 iu
1198 4231 1299 4296 expori-

3 4318 4 4323 ’
81 4319 149 4366 tione
166 4314 247 4383 sparh.
265 4323 349 4381 apost.
375 4330 401 4382 p.
422 4314 473 4369 uod
492 4328 528 4364 ss.
559 4312 590 4364 H.
611 4309 757 4364 Witsius
776 4311 802 4362 iu
822 4309 927 4362 exercit.
949 4307 979 4356 in
999 4306 1078 4374 symb.
1097 4309 1181 4368 apost.
1200 4299 1242 4354 13.
1269 4315 1296 4367 p.

81 4385 132 4442 218
150 4399 186 4436 ns.
208 4381 329 4451 Petrus
342 4380 494 4451 ¹liiugiun
513 4381 540 4435 iu
556 4382 618 4436 dist.
635 4381 713 4449 symb.
731 4397 776 4446 op.
797 4379 823 4430 3.
844 4394 871 4446 p.
892 4376 940 4431 115
957 4391 993 4428 ss.

56 4556 61 4563 ἱ
149 4469 184 4540 †)
204 4470 279 4537 ποίει.
298 4466 334 4524 Χ.
355 4466 398 4525 97.
501 4556 511 4567 .
