3067 5075
345 290 504 355 denoteris
523 289 596 355 ecel.
613 287 691 354 circa
707 289 889 374 poenitentes
905 289 1016 375 rigore.
1225 294 1288 360 sut

80 462 104 546 b.
119 464 147 526 5.
173 463 208 525 ln
224 465 308 528 huuc
327 465 454 546 rigorem
472 466 601 530 excrevit
620 465 770 547 prioribus
787 484 866 530 socc.
883 463 962 530 circa
980 466 1114 551 relapsos
1133 426 1292 547 disciplina
1374 471 1380 485 '

78 550 105 611 in
122 550 262 616 eeclesiis
284 553 427 633 plurimis,
437 546 508 615 ‘lere
524 554 556 615 iu
574 555 719 617 omuibus.
752 552 953 616 Ecclesiarum
970 555 1215 636 paucissimarum
1231 553 1291 618 alis

78 637 127 698 luit
144 640 229 711 ratio.
279 641 314 702 lo
337 642 512 723 quibusdam
532 642 609 703 enirn
626 661 662 704 ex
679 649 820 722 potestate
839 643 1050 723 prudentiaque
1075 641 1215 724 episcopi,
1239 641 1289 703 in·

31 787 34 799 ,
78 724 172 804 primis
197 728 224 789 si
253 749 322 789 oum
350 730 463 810 ingenti
488 727 634 791 eeclesiae
654 728 848 790 emolumento
867 730 1025 811 conjuncta
1044 740 1121 792 esset
1139 729 1289 809 lapsorum
1392 801 1399 815 ,

78 813 234 891 restitutio,
262 817 374 877 crimen
391 808 528 877 'secundo'
546 827 696 898 patratumx
715 815 892 896 poenitentia
916 818 1002 878 etiam
1020 819 1149 879 secunda
1168 815 1289 897 expiere

77 899 161 962 licuit.
194 901 333 977 Cerdon,
355 903 486 965 rer-itatis
504 903 627 980 adulter,
651 904 718 983 plus
735 900 827 965 semel
846 904 1065 984 exomologesin
1083 902 1169 980 lecit,
1187 914 1290 967 autore

76 987 190 1049 leenaeo
203 996 207 1003 ”
218 1001 315 1053 contr.
340 992 420 1052 baer.
439 990 470 1068 3,
487 994 518 1052 d.
562 991 642 1052 ldem
667 994 703 1052 de
721 984 875 1055 Valentino
901 1002 929 1052 ot
955 992 1109 1053 Marcione
1132 990 1288 1054 haereticis

78 1075 282 1138 Tertullianus
302 1089 426 1139 testator
441 1081 476 1139 de
494 1090 625 1158 praescr.
642 1079 721 1143 beer.
740 1078 792 1147 30.
837 1077 876 1138 Et
891 1077 1038 1159 Origenes
1058 1077 1171 1163 (bomil.
1190 1078 1239 1141 lb.
1256 1078 1289 1140 in

79 1182 136 1242 cap.
154 1164 207 1224 25.
226 1165 386 1242 Levitic.):
415 1172 451 1226 In
470 1168 660 1244 pronioribus,
687 1165 743 1242 ait,
762 1167 922 1227 criminibus
939 1169 1021 1228 semel
1040 1176 1148 1228 tuntum
1162 1169 1289 1229 celrern

74 1257 251 1328 poenitentioe
268 1255 425 1315 conceditur
439 1255 526 1316 loces.
554 1252 654 1331 Digna
671 1265 748 1326 sunt,
765 1272 841 1333 quae
857 1252 1132 1329 animadvertantur,
1148 1252 1287 1333 Origeois

76 1338 166 1399 verba.
213 1340 289 1401 llari
315 1342 475 1402 secundam
499 1339 667 1419 graviorum
692 1340 844 1400 criminum
867 1340 1074 1421 poenitentiam
1106 1360 1164 1401 nou
1187 1353 1287 1421 negat,

76 1425 121 1483 sed
143 1446 210 1486 raro
237 1426 308 1507 plus
332 1427 421 1490 semel
445 1427 525 1489 illam
544 1427 664 1489 concedi
685 1426 734 1489 ait.
780 1426 881 1503 Quare
905 1427 955 1489 bie
976 1428 1062 1489 locus
1076 1426 1211 1506 insignis
1232 1441 1287 1507 est,

78 1509 138 1590 quin
168 1524 328 1595 utrumqne
357 1517 470 1595 probat.
514 1514 713 1577 Accesserant
740 1516 856 1577 tandem
887 1513 1017 1596 sequiori
1042 1525 1137 1577 aetate
1158 1535 1287 1579 canones

77 1594 246 1682 Patremque
273 1605 402 1679 decreta,
427 1601 534 1683 quibus
557 1601 696 1683 paulatim
714 1612 830 1664 ventum
850 1612 894 1663 est
911 1604 949 1663 ad
967 1601 1058 1664 nostri
1076 1603 1140 1665 aevi
1158 1623 1287 1664 consue·

78 1685 210 1763 tudinem,
228 1699 257 1750 ct
276 1689 415 1770 unicique
432 1699 618 1769 peccatorum
633 1697 699 1771 post
714 1688 922 1770 poenitentiam
940 1709 1088 1771 nunqnam
1104 1710 1163 1751 nen
1174 1689 1287 1755 indulta
1359 1756 1363 1763 ,

78 1773 169 1850 renio,
197 1787 342 1857 quotquot
364 1776 415 1838 ille
438 1777 553 1839 rioibus
578 1777 680 1859 lapsus
701 1789 790 1859 atque
812 1776 949 1858 relapsus
969 1790 1056 1840 esset.
1100 1778 1191 1840 Forte
1213 1779 1287 1841 baec

78 1857 257 1941 indulgentia
277 1863 400 1926 crimina
418 1863 592 1926 iterantibus
612 1860 816 1944 primum'tieri
836 1865 931 1946 eoepit
949 1877 1043 1927 aetate
1061 1864 1178 1945 Syricii,
1198 1866 1285 1932 Rern.

81 1947 180 2028 episc,
209 1950 260 2032 qui
286 1971 341 2016 cos
364 1951 394 2012 in
421 1949 562 2020 decretali
586 1972 642 2013 one
657 1954 693 2012 ad
712 1950 892 2026 Rimoniana,
921 1951 1013 2031 episc.
1030 1952 1289 2023 Tarraconensem

79 2032 155 2112 epist.
172 2037 202 2099 5.
223 2038 414 2119 recipiendos
431 2041 695 2115 esse-decreverat,
713 2058 772 2099 non
791 2037 873 2118 prius
890 2037 958 2100 licet
975 2058 1061 2118 quam
1079 2038 1287 2118 moribundosq

79 2125 145 2198 quod
163 2125 249 2186 etiam
273 2136 375 2210 postea
394 2127 546 2209 probatum
564 2125 619 2187 luit
637 2146 720 2190 conc.
736 2125 896 2188 llerdeneis
913 2125 1093 2202 doctoribus,
1117 2125 1165 2207 qui
1186 2126 1287 2209 relap-

78 2225 167 2274 sorom
184 2212 363 2292 criminibus
382 2212 577 2293 poenitentiae
596 2224 710 2293 tempus
729 2213 814 2275 vitano
834 2233 946 2275 ornnem
963 2212 1224 2295 praescripserant.
1243 2249 1288 2261 -

39 2294 44 2301 ’
77 2290 101 2373 b.
112 2297 139 2358 o.
156 2298 201 2361 Ex
216 2299 256 2361 iis
279 2300 386 2381 itaque,
403 2321 478 2381 qnae
496 2303 530 2362 de
546 2300 646 2381 rigore
662 2300 741 2363 circa
756 2301 857 2382 lapsos
874 2311 902 2363 et
919 2301 1100 2381 poenitentes
1116 2304 1242 2364 adducta
1258 2313 1287 2365 et

76 2381 244 2463 antiquitatis
276 2387 448 2450 testimoniis
472 2390 589 2450 abunde
611 2387 724 2452 firmata
744 2387 880 2466 luerunt,
901 2385 969 2451 lucc
987 2387 1149 2451 meridiana
1175 2389 1286 2453 clarius

77 2484 201 2552 apparet,
234 2496 301 2557 qna
325 2474 488 2539 animorum
516 2477 701 2540 contentione
724 2479 761 2539 de
786 2479 987 2540 conservanda
1011 2477 1040 2538 in
1066 2477 1199 2542 coetibus
1221 2479 1285 2543 suis

77 2559 202 2621 sanctiori
228 2562 393 2644 disciplina
417 2563 525 2626 veteris
545 2565 689 2628 eeclesiae
709 2567 844 2628 doctores
861 2564 1076 2644 laboraverint,
1100 2585 1158 2647 qua
1175 2588 1212 2629 ex
1229 2570 1285 2630 ed·

76 2650 332 2713 versosevcritate
351 2651 381 2711 in
399 2672 460 2725 eos,
486 2651 532 2731 qui
550 2652 737 2731 gravioribus
756 2651 929 2714 laborabant
946 2652 1127 2730 criminibus,
1152 2655 1287 2717 animad-

77 2735 203 2798 verterint
219 2738 429 2820 neminemque
446 2741 520 2801 ndeo
538 2759 611 2801 suae
628 2739 823 2803 communioni
841 2739 1030 2817 restituerint,
1053 2739 1110 2801 nisi
1128 2741 1177 2820 qui
1196 2742 1288 2804 animi

75 2821 239 2894 poenitentis
265 2846 391 2907 vereque
411 2825 535 2889 dolentis
557 2827 663 2907 signa,
687 2847 762 2909 qnae
782 2830 818 2890 de
837 2827 902 2910 ejus
920 2826 1120 2904 conversione,
1145 2836 1285 2908 qnantum

76 2902 132 2966 beri
152 2923 276 2989 posses,
299 2912 383 2975 fidem
410 2914 551 2998 lacerent,
575 2916 683 3002 ederet.
727 2915 793 2977 Non
818 2914 893 2992 dico,
913 2909 980 2978 vere
1004 2915 1039 2976 ad
1057 2915 1151 2976 Deum
1169 2935 1286 2997 semper

76 2996 204 3077 converti,
229 3001 344 3081 quibus
362 3004 436 3063 adeo
461 2999 591 3064 dillicilis
608 3012 687 3081 patet
710 3010 776 3080 post
792 3014 915 3082 peecata
936 3003 973 3064 ad
991 3001 1145 3064 ecelesiam
1162 3002 1288 3068 renitor.

76 3077 133 3146 flac
160 3097 260 3149 auteur
284 3109 370 3150 nemo
397 3088 534 3169 negabit,
565 3088 673 3168 rigoris
701 3088 868 3170 hujusmodi
895 3088 1029 3168 exempla
1052 3108 1172 3172 causam
1195 3109 1285 3170 saepe

79 3171 227 3254 praebere,
253 3184 287 3237 ut
309 3173 451 3251 aliorum,
475 3175 523 3256 qni
541 3175 630 3238 facile
647 3176 722 3239 tlecti
747 3185 897 3255 poterant,
922 3175 1093 3239 cohibeatur
1116 3177 1240 3239 andacia
1258 3187 1286 3240 et

79 3262 209 3331 peccandi
242 3263 373 3327 licentia.
417 3265 512 3341 Quam
544 3266 618 3326 bene
646 3262 811 3326 consultum
836 3263 1185 3340 luisset⁴ecclesiae„si
1214 3264 1285 3347 quid

79 3345 244 3413 austerioris
260 3349 349 3431 hujus
366 3349 539 3431 disciplinae
556 3352 717 3432 posteriora
734 3363 904 3416 servassent
920 3363 1061 3434 tempora.
1092 3352 1200 3417 llerunr
1219 3374 1286 3416 cum

80 3445 109 3489 ca
123 3434 291 3499 seculorum
309 3439 436 3499 decursu
453 3438 578 3501 subinde
595 3440 768 3517 mansuevit,
789 3442 818 3501 in
836 3442 973 3522 majorem
993 3439 1119 3503 subinde
1138 3439 1283 3504 lenitatem

25 3545 27 3550 ·
79 3514 196 3602 deflexit,
215 3546 301 3586 nenro
314 3525 399 3586 etiarn
412 3525 573 3606 mirabitur,
590 3529 666 3609 qnod
679 3526 911 3590 Christianorum
924 3539 1040 3590 nostrae
1053 3527 1157 3589 aetatis
1169 3527 1284 3590 vivendi

77 3601 145 3666 ratio
170 3630 187 3671 a
211 3612 361 3692 primaeva
386 3611 620 3675 Christianorum
641 3613 765 3694 pietate,
792 3612 986 3677 sanctimonia
1010 3614 1088 3677 vitae
1113 3634 1283 3697 morumque
1348 3627 1351 3630 '

77 3684 237 3764 innocentia
254 3711 282 3763 et
298 3699 441 3782 probitate
460 3710 610 3783 tantopere
626 3701 858 3785 degeneraverit.
