3067 5075
547 260 584 323 de
598 255 826 325 Trndmnbun‘
1226 262 1290 329 ³21

79 431 233 496 infantibus
247 433 414 515 postulates
429 432 523 497 inisse
537 433 665 513 codices,
682 436 839 497 ostendunt
850 440 917 497 aete
928 432 1079 498 Saturnini
1092 441 1121 499 et
1132 436 1291 520 socierum,

77 519 223 587 adfinem
253 522 355 604 Optati
382 524 497 585 adnexa
533 522 711 605 saepiusque
747 522 836 584 nobis
858 522 921 604 jam
948 523 1046 589 citata.
1091 525 1122 586 lu
1148 525 1186 588 iis
1214 529 1291 592 euin

78 609 213 670 sistuntur
229 611 412 673 Saturninus
433 609 551 693 junior,
578 611 668 673 lector
687 610 795 673 diserte
818 612 976 674 adomnano
993 624 1022 674 et
1038 614 1147 688 incente
1169 626 1291 678 recatus

78 698 115 780 (p.
132 698 178 760 12.
197 720 238 761 ex
256 703 304 761 ed.
320 699 450 776 Baluzii‘
465 711 492 760 et
507 696 536 780 ξ.
549 696 598 761 14.
615 700 652 760 nd
669 698 806 763 Ruinarti
823 697 1004 781 exemplum)
1023 720 1058 762 ae
1075 700 1209 764 Hilarium
1226 703 1291 767 sire

78 784 258 864 llilan'anus,
288 787 410 850 inlrtntis
430 786 573 868 puerique
594 786 711 849 nomine
736 787 914 868 insignitus,
941 799 968 849 et
993 787 1038 850 nel
1070 789 1138 851 inde
1163 791 1290 856 maxime

77 872 206 952 celebris,
228 878 309 956 quod
327 887 451 938 aetatem
470 894 555 936 suam
576 872 726 954 parvulam
746 875 858 955 ingenti
878 875 1032 937 devotione
1051 878 1194 955 vincebat,
1213 901 1290 961 qnae

76 961 133 1041 ipsa
156 975 292 1024 actorum
317 965 407 1025 rerba
426 972 504 1026 sunt.
552 961 744 1025 Observanda
763 976 874 1040 tamen,
901 984 977 1045 quae
997 962 1045 1026 lric
1062 965 1170 1046 optime
1193 976 1291 1031 monet

76 1049 212 1112 Bnrnnius
233 1054 274 1113 nil
291 1074 358 1114 nnn.
375 1053 451 1112 303.
471 1049 499 1132 ξ.
518 1051 569 1112 36.
588 1050 708 1123 dicens:
730 1056 798 1112 cum
814 1054 956 1114 licendis
972 1056 1119 1130 lectantem,
1139 1072 1172 1115 ιιι
1186 1062 1289 1117 nuinb-

78 1158 127 1198 mes
145 1160 263 1218 puerum
288 1143 372 1201 buno·
384 1161 443 1200 esso
459 1160 547 1217 nuper
570 1150 682 1212 notum,
706 1146 754 1219 qui
772 1141 833 1214 suri
850 1145 967 1201 rteeoint:
992 1162 1059 1202 nom
1076 1144 1203 1222 loquendi
1221 1164 1290 1205 cens

77 1235 128 1285 erut
149 1229 226 1305 opud
245 1230 353 1304 Afros,
380 1238 411 1288 nt
435 1247 554 1307 mosque
574 1248 675 1306 pueros
694 1229 819 1301 infantes
840 1230 968 1290 dicerent.
1002 1229 1046 1290 lta
1068 1227 1195 1291 inlitntes
1219 1230 1289 1292 olilu

78 1312 132 1373 sire
157 1334 268 1393 pueros
292 1314 323 1375 in
347 1314 475 1376 ecclesia
494 1312 591 1374 fuisse
609 1310 738 1374 lectores
757 1313 949 1390 constitutos,
970 1327 1124 1397 antequam
1144 1317 1173 1378 id
1193 1318 1289 1380 lusti·

77 1399 173 1461 nianns
195 1411 326 1480 vetaret,
347 1402 436 1465 variis
456 1400 598 1481 exemplis
619 1402 790 1481 comprobat
807 1402 868 1466 los.
887 1402 1070 1481 Biuglramus
1097 1407 1193 1483 (Orip.
1212 1409 1289 1467 Euel.

80 1492 133 1548 Vol.
149 1495 190 1550 Π.
214 1515 244 1571 p.
264 1494 307 1551 84
321 1494 387 1570 aa),
413 1490 482 1552 iude
501 1488 590 1550 tnoris
607 1488 696 1570 hujus
712 1489 856 1569 originem
874 1489 1028 1568 derivans,
1054 1493 1130 1572 qued
1151 1502 1288 1571 parentes

76 1572 145 1636 lilios
164 1598 237 1639 suos
261 1598 473 1658 nonnunquam
496 1581 533 1638 ab
553 1576 743 1643 incunabulis
767 1577 824 1638 llei
853 1577 1014 1639 ministerio
1043 1577 1241 1641 dedicaverint
1260 1589 1290 1642 et

77 1661 113 1724 nie
128 1685 176 1744 per
192 1666 355 1729 inferiores
372 1666 489 1727 ordines
507 1667 544 1726 ad
562 1665 675 1746 majora
692 1663 790 1726 officia
806 1665 1060 1747 praeparareriut3
1079 1685 1168 1728 secus
1181 1680 1288 1747 tamen,

75 1753 264 1833 moerendos,
290 1762 422 1816 seutente
442 1752 581 1828 baronio,
606 1754 655 1831 rpui
686 1765 717 1814 ut
733 1753 884 1833 hypothesi
901 1765 977 1816 suae‘
990 1754 1147 1828 inserviat,
1170 1754 1230 1836 jam
1249 1756 1288 1817 ab

77 1839 269 1918 apostolorum
294 1842 473 1922 temporibus
493 1840 618 1902 clericos
642 1840 672 1902 in
697 1841 794 1901 sacris
814 1842 968 1903 ordinibus
985 1843 1175 1916 constitutos,
1201 1842 1288 1905 etiarn

77 1924 103 1984 in
124 1926 265 1992 Africana
293 1930 421 1992 ecclesia
440 1927 619 1991 caelibatum
643 1948 779 1992 servasse
803 1928 933 2008 adserit3
964 1932 1042 2009 quod
1067 1951 1153 2012 quam
1177 1930 1290 1995 trunca

77 2012 146 2076 dicat
161 2037 196 2078 ae
211 2020 325 2099 inepte,
345 2017 397 2079 alii
412 2016 555 2099 judicent.

154 2106 207 2172 19)
232 2106 271 2167 ld
290 2106 405 2186 quidem
425 2115 486 2181 est,
507 2104 584 2184 quod
610 2101 685 2164 male
708 2102 798 2167 babet
815 2100 972 2183 religionis
990 2102 1156 2182 pontificiae
1180 2106 1287 2169 delen·

77 2207 166 2270 sores,
191 2183 253 2274 qui,
281 2198 347 2255 dum
366 2194 404 2254 ab
423 2192 563 2272 episcopo
579 2191 712 2252 Romano
728 2188 799 2253 laici
818 2190 895 2253 sacri
914 2191 1026 2253 codicis
1042 2191 1169 2254 lectione
1185 2195 1287 2274 probi·

76 2277 177 2357 lentur,
191 2279 267 2343 lruic
286 2280 346 2362 ipsi
360 2279 501 2362 impietati
521 2299 594 2341 suae
612 2300 648 2341 ex
664 2277 785 2363 antiqua
803 2278 950 2341 ecclesiae
968 2279 1138 2342 vetustioris
1155 2302 1285 2345 eonsue-

76 2365 163 2443 tudine
178 2369 284 2432 feoum
304 2370 401 2432 lacere
417 2367 527 2441 volunt,
548 2369 767 2442 contendentes,
785 2369 908 2429 eundem
926 2388 1043 2450 quoque
1062 2388 1169 2430 morem
1186 2368 1217 2430 iu
1233 2369 1287 2449 illa

78 2451 237 2522 obtinuisse.
276 2457 383 2521 Verum
401 2476 487 2537 quam
504 2454 608 2517 frivole
624 2453 698 2517 bace
714 2455 857 2532 dicautur,
875 2455 963 2537 leuge
979 2456 1153 2519 clarissimis
1171 2457 1286 2520 ostendi
1341 2532 1345 2544 ι

77 2553 161 2617 potest
171 2546 368 2627 argumentis.
388 2543 501 2609 Habuit
515 2558 594 2606 certe
610 2544 738 2606 ecclesia
754 2565 950 2626 unaquaeque
964 2563 1035 2607 suos
1050 2546 1168 2608 codices
1184 2547 1286 2629 publi·

77 2646 128 2706 oos,
142 2631 288 2697 laieorum
304 2634 383 2713 usui,
400 2633 426 2695 si
442 2632 490 2715 qui
508 2653 608 2694 eorum
625 2632 765 2694 adhibere
781 2630 851 2695 illos
868 2632 985 2709 vellent,
1003 2634 1174 2698 destinatos.
1206 2634 1286 2712 Quid

77 2716 141 2780 enirn
167 2722 280 2786 elarius
305 2744 371 2786 esse
397 2730 492 2803 potest
516 2720 568 2780 ille
591 2720 705 2782 irenaei
734 2720 919 2796 testimonio,
950 2742 1007 2802 quo
1033 2723 1070 2782 ad
1097 2723 1286 2802 presbyteres

77 2810 201 2872 amandat
220 2810 291 2873 illos
317 2829 436 2884 omnes,
463 2808 513 2888 qui
533 2807 669 2888 exempla
691 2807 855 2889 scripturae
874 2808 991 2888 integra
1016 2819 1044 2871 et
1068 2830 1128 2870 non
1148 2817 1287 2890 corrupta

79 2895 199 2961 evolvere
217 2898 358 2980 cupiunt,
383 2897 490 2978 quippe
508 2894 625 2976 publiea
644 2897 817 2958 auctoritate
838 2896 1010 2958 constitutos
1030 2917 1180 2959 sacrorum
1200 2897 1286 2959 rolu-

77 2978 174 3047 minnm
193 2990 348 3051 custodes.
394 2988 484 3047 lrnmo
504 3003 572 3044 vern
591 2993 619 3045 et
641 2983 830 3064 sequioribus
854 2983 967 3045 seculis
986 2984 1062 3046 idom
1082 2985 1176 3046 luisse
1194 2983 1285 3045 insti-

77 3074 166 3147 tutum,
188 3088 220 3138 ut
242 3065 332 3137 biblia
348 3074 453 3152 lingua
472 3070 588 3150 vulgari
606 3070 636 3132 iu
657 3073 808 3150 commodo
826 3070 972 3135 eeclesiae
990 3071 1054 3133 loco
1072 3071 1167 3152 posita
1186 3082 1287 3135 esseut

77 3163 255 3243 proponunto,
279 3171 311 3225 ut
327 3184 378 3245 pro
396 3158 558 3238 lubitu‚1si
576 3158 625 3239 qui
644 3158 692 3238 pia
708 3158 899 3221 inclinatione
919 3179 953 3220 eo
973 3159 1131 3237 ferrentur,
1155 3160 1285 3241 scriptu·

77 3260 163 3310 rarum
185 3249 315 3314 lectione
339 3261 407 3314 ante
430 3245 478 3310 vel
504 3258 571 3328 post
597 3246 687 3308 divini
710 3246 800 3308 efficii
823 3258 937 3327 tempus
957 3248 1086 3312 anienem
1111 3258 1285 3329 occupatum

77 3325 174 3399 labere
197 3350 338 3421 possent,
370 3336 538 3400 observarit
557 3327 739 3414 Binglranrus
757 3341 841 3416 Orip.
860 3340 934 3400 Eeel.
955 3339 1014 3398 Vel.
1033 3340 1062 3399 5.
1087 3360 1116 3419 p.
1133 3340 1230 3400 tle-a.
1258 3348 1287 3399 et

78 3424 208 3503 exemptis
229 3415 384 3489 adntodum
403 3422 569 3486 illustribus
587 3422 710 3485 evictum
729 3423 825 3499 dedit3
850 3445 1017 3506 quanquam
1035 3425 1065 3486 in
1083 3447 1117 3487 ee
1138 3448 1197 3488 renr
1216 3425 1285 3486 mibi

77 3522 125 3569 anu
141 3515 274 3604 tetigisse
291 3536 350 3576 non
368 3513 510 3590 rideatur,
529 3514 606 3592 quod
625 3510 850 3573 Constantinum
868 3513 911 3575 llll.
931 3516 967 3573 ob
984 3512 1064 3574 illam
1082 3524 1192 3576 titutum
1212 3532 1286 3575 cau-

76 3609 130 3657 tem
151 3605 309 3666 mandasse
329 3604 445 3676 credat,
473 3609 504 3660 ut
523 3598 738 3679 quinquagiens
758 3598 941 3678 exemplaria
960 3598 1118 3662 bibliorum
1143 3600 1174 3660 iu
1199 3620 1286 3661 usum

78 3682 142 3749 ecel.
168 3687 514 3771 Constantinopalitanae
547 3685 787 3758 conficerentur3
823 3706 888 3748 cum
921 3687 1027 3749 exinde
1057 3688 1156 3766 potius
1181 3707 1285 3749 ansam

77 3772 181 3850 cepisse
198 3779 363 3843 existimem
380 3778 593 3858 imperatorem,
612 3776 687 3855 quod
706 3794 758 3855 per
775 3772 950 3836 Diocletiani
969 3774 1078 3836 rabiem
1096 3785 1137 3836 tot
1153 3775 1285 3836 codicum

78 3853 106 3918 S.
122 3863 208 3930 millia
235 3867 384 3948 perierint.
429 3864 537 3927 Verum
557 3882 634 3945 quae
658 3862 779 3943 publiea
795 3861 941 3925 ecclesiae
960 3882 1033 3925 cura
1059 3862 1114 3925 tuit
1132 3862 1285 3943 laieorum,

79 3951 189 4015 rentem
208 3965 235 4017 et
253 3955 283 4017 hi
302 3955 358 4035 ipsi
377 3953 583 4026 attinuerunt,
601 3962 633 4013 ut
651 3950 727 4012 domi
745 3971 811 4012 cnm
831 3949 894 4011 suis
910 3950 1044 4030 legerent
1059 3949 1286 4034 relegerentque

78 4028 126 4093 llei
143 4040 258 4123 eloquia
281 4054 368 4125 atque
386 4042 430 4104 sic
449 4042 484 4101 ad
503 4038 653 4118 publicum
674 4038 782 4101 cultum
801 4039 915 4100 anirnos
933 4060 1004 4101 snos
1027 4052 1236 4121 praepararent
1258 4049 1286 4101 et

79 4131 291 4203 componerent·
331 4127 467 4194 Ostendit
493 4127 565 4189 illud
593 4148 708 4208 quoque
729 4125 969 4190 manifestissime
994 4128 1179 4209 Bingltamus
1210 4130 1244 4202 (l.
1261 4150 1286 4192 e.

79 4224 104 4281 p.
118 4212 156 4273 lib
170 4224 224 4297 ss.)
251 4228 335 4281 etex
354 4217 429 4300 ipsis
453 4229 609 4297 martyrum
629 4217 719 4292 actis,
745 4214 794 4295 qui
814 4218 869 4276 sub
893 4213 954 4277 ltere¹
968 4216 1173 4296 persecutione
1197 4215 1285 4277 vitam

79 4312 155 4371 luam
172 4308 288 4370 codices
300 4308 334 4369 S.
351 4308 474 4387 perdere
490 4305 665 4379 maluerunt,
682 4302 779 4379 evicit,
795 4324 813 4365 a
828 4304 944 4365 nentine
958 4325 1096 4385 unquam,
1113 4302 1168 4364 uisi
1186 4324 1285 4384 paga·

78 4380 120 4444 ¹²5⁸
144 4395 382 4469 persecutoribus
405 4392 486 4461 illam
512 4390 748 4453 Christianorum
775 4388 940 4454 libertatem
964 4390 1061 4453 fuisse
1085 4388 1222 4453 violatam
1253 4401 1286 4453 ut

77 4470 143 4535 adeo
167 4485 359 4549 certissimum
384 4480 434 4559 fit,
459 4479 602 4544 babuisse
621 4478 695 4544 elim
719 4476 816 4543 laicos
841 4490 871 4542 ct
891 4479 1013 4544 assidue
1033 4478 1110 4541 domi
1133 4479 1285 4544 lectitasse

117 4573 178 4625 Thu.
189 4587 295 4639 nunquia.
307 4585 381 4628 ιιιιὶιι.
391 4583 423 4627 IL
432 4590 457 4633 a.
1039 4583 1081 4649 21
