3067 5075
272 286 337 354 1⁰8
672 284 807 353 xxxiv.
851 286 942 353 bair.
956 286 1083 352 Sebnler

273 485 341 527 cere
359 466 408 541 (sle
423 462 580 528 Monacbis
594 462 626 544 2,
645 464 691 548 5).
722 464 801 528 lliuc
818 464 1050 528 concludentium
1067 483 1193 528 neccsse
1213 472 1270 540 cst,
1287 462 1470 525 Bellarminnn

273 563 402 616 statuere
427 554 512 615 ritum
536 553 616 615 buno
640 557 678 615 ab
702 573 775 616 aero
799 554 999 636 apostolorum
1024 575 1092 617 cose
1116 555 1343 631 deducendum,
1365 551 1469 632 alioquin

274 651 352 704 certo
370 649 455 704 autor
477 642 543 724 ipse
560 642 617 703 sibi
636 640 722 705 tacite
740 642 961 707 contradiceret.
997 643 1100 722 Magis
1119 640 1249 703 candide
1272 658 1335 700 rem
1353 638 1470 718 agitllo-
1499 664 1500 741 p

273 739 392 804 cantus,
415 728 463 791 bio
480 729 556 792 enirn
574 749 717 811 expresse
741 731 865 808 latetur,
890 731 1014 793 instituti
1037 729 1168 792 nltimam
1195 727 1346 807 originem
1370 728 1405 787 ab
1422 725 1470 806 ipsa
1499 748 1500 761 ¹

273 815 472 899 apostolorum
489 817 642 880 traditione
660 838 726 880 esse
748 821 934 900 repetendam
958 820 1008 898 (cle
1024 818 1102 881 ritib.
1120 816 1232 879 eccles.
1252 818 1283 879 1.
1302 837 1331 897 p.
1346 812 1411 894 92.)
1432 815 1469 874 dc·

274 917 377 986 ceptus
392 906 495 987 procul
512 908 600 967 rlubio
619 907 720 967 eadem
736 906 871 988 Dionysii
888 906 1077 985 auctoritate,
1106 905 1154 986 qui
1178 914 1302 981 tannen,
1329 913 1435 984 practer
1448 900 1469 960 il

270 995 350 1076 quod
368 991 474 1056 librum
490 993 706 1074 supposititium
722 1014 790 1056 esse
807 996 932 1076 probant
946 995 1000 1057 riri
1018 993 1111 1055 critiri
1127 1002 1195 1076 post
1212 990 1404 1053 Laurentium
1417 986 1471 1051 lal-

273 1082 332 1143 lanr
352 1093 379 1142 et
395 1082 561 1157 Erasmonr,
578 1081 728 1143 Robertos
740 1080 838 1144 Corus
856 1084 885 1143 in
904 1102 1039 1158 censura,
1055 1082 1179 1144 Riretns
1196 1080 1230 1140 in
1250 1079 1354 1141 critico
1371 1097 1403 1153 s,
1418 1073 1470 1136 uilil

274 1168 392 1230 omnino
412 1171 447 1231 rle
465 1179 667 1250 susceptorum
688 1169 802 1249 origine
827 1169 1070 1233 commemorarit.
1101 1204 1145 1214 —-
1178 1166 1207 1251 ξ.
1234 1170 1268 1231 6.
1303 1164 1471 1243 Comitique

273 1259 346 1318 baec
363 1257 451 1319 unica
467 1257 601 1340 Dionysii
619 1258 778 1320 auctoribus
794 1260 930 1340 vapulet,
955 1269 1014 1321 tum
1033 1276 1089 1319 soa
1106 1267 1214 1339 sponte
1231 1274 1352 1337 quoqne
1367 1252 1419 1313 roit
1436 1249 1470 1309 illa

273 1343 443 1406 Bellarmini
462 1354 491 1407 et
506 1346 631 1407 Duranti
655 1346 838 1428 aliorumque
855 1347 971 1429 opinio,
995 1346 1102 1429 quibus
1118 1364 1188 1407 rero
1213 1343 1352 1419 nirletnr,
1375 1342 1410 1402 ab
1423 1338 1470 1419 lly-

274 1431 346 1514 gino
363 1436 516 1514 petendam
534 1454 602 1497 esse
618 1434 779 1515 originem,
801 1435 823 1496 ii
841 1435 973 1497 Gratiani
996 1437 1177 1496 decretorum
1199 1428 1402 1512 compilatoris
1416 1444 1469 1487 anr-

274 1521 390 1584 toritate
407 1542 474 1584 sese
492 1521 566 1583 tueri
585 1522 700 1599 rolnnt,
726 1523 775 1603 qni
794 1522 883 1584 rerba
901 1522 989 1584 citata
1013 1522 1040 1607 ξ.
1058 1524 1090 1584 o,
1128 1520 1253 1603 Hygino
1278 1516 1393 1592 tribuit,
1415 1531 1470 1594 qaae

274 1620 447 1672 tamennon
464 1609 593 1692 Hygini,
623 1611 675 1670 secl
699 1608 868 1690 impostoris
895 1610 1047 1689 enjusdam
1072 1608 1221 1689 sequioris
1241 1605 1310 1669 aeri
1328 1624 1392 1667 esse
1405 1598 1470 1662 facile

274 1706 368 1779 potet,
395 1699 473 1778 qnorl
490 1695 594 1758 nullibi
613 1696 663 1758 alii
679 1697 796 1758 illorum
813 1707 973 1778 temporum
997 1696 1157 1777 scriptores
1175 1693 1325 1778 ejusmodi
1342 1698 1469 1769 suscepto

274 1805 339 1845 rom
357 1783 556 1860 meminerint,
580 1785 683 1865 quales
703 1786 790 1847 trnrlit
807 1784 975 1847 Gratianus.
1016 1785 1148 1865 lienique
1166 1784 1197 1844 itl
1219 1782 1382 1845 maximum
1398 1778 1469 1856 iupa

274 1883 374 1935 sturae
390 1863 552 1956 κριτήριον
568 1894 634 1934 csse
650 1872 785 1950 arbitror,
803 1876 879 1956 quod
898 1872 1126 1935 confirmationis
1144 1892 1231 1949 usus,
1250 1869 1351 1952 qualis
1366 1867 1401 1928 iis
1415 1874 1467 1925 tca-

275 1960 398 2044 poribns
413 1960 484 2038 fnit,
507 1981 566 2022 uon
584 1960 738 2024 conveniat
755 1982 821 2024 cnm
838 1960 1071 2044 susceptoribus,
1095 1958 1201 2042 qnippe
1219 1961 1302 2041 qnod
1320 1948 1468 2018 confirmatio

177 2084 189 2103 ·
275 2049 362 2112 simul
381 2070 447 2112 corn
465 2050 608 2131 baptismo
627 2049 830 2128 exhiberetur,
855 2052 934 2111 undo
955 2070 1015 2111 non
1032 2069 1106 2131 opus
1124 2047 1257 2109 cratoni
1276 2044 1355 2109 actui
1372 2045 1466 2103 dromo

275 2159 417 2219 generum
434 2150 621 2218 susceptores
641 2140 802 2220 imponere.
833 2137 950 2200 Plotina
972 2137 1001 2198 in
1017 2136 1139 2218 Hygino
1163 2136 1241 2197 idern
1261 2133 1368 2197 tradito
1399 2128 1468 2189 Vnst

275 2248 361 2288 ornum
376 2230 474 2288 saltem
489 2234 641 2306 patrimum
656 2248 773 2290 unumve
800 2234 960 2289 matrimoni
984 2225 1037 2297 (ita
1052 2226 1176 2287 barbare
1191 2222 1340 2305 loquitur)
1361 2220 1467 2312 brptbbt

275 2321 424 2379 interesse:
456 2314 505 2394 qui
530 2317 566 2374 arl
591 2317 713 2375 canolam
739 2311 841 2395 procul
866 2314 954 2376 dubio
978 2312 1112 2375 Gratiani
1133 2313 1340 2374 anctoritatem
1363 2306 1467 2372 recurat,

161 2414 164 2427 ’
278 2401 364 2463 aliam
384 2400 459 2461 enim
477 2421 534 2461 non
553 2401 645 2479 alleri,
663 2404 774 2483 dequo
792 2401 860 2482 qnid
877 2401 1044 2463 babendum
1060 2401 1098 2463 sit
1112 2401 1172 2482 jam
1190 2400 1303 2461 clintum
1323 2403 1375 2459 est.
1403 2383 1466 2483 Cori

278 2488 377 2552 Cocus
393 2488 412 2551 l.
430 2507 456 2552 o.
471 2509 501 2569 p.
519 2509 555 2551 m.
571 2491 624 2554 bl.
650 2525 688 2535 -
717 2489 744 2573 ξ.
760 2493 791 2553 7.
814 2490 860 2552 Ex
878 2489 963 2551 dictis
980 2489 1052 2552 ittot
1069 2487 1175 2570 liquet,
1199 2488 1356 2551 terminum
1372 2475 1466 2574 institnit

277 2598 336 2639 non
353 2576 443 2638 facile
461 2576 573 2638 deliniri
591 2597 690 2659 posse,
708 2577 816 2660 qnippe
832 2582 912 2659 qnod
929 2576 1032 2640 borum
1049 2576 1222 2638 testimoniis
1240 2598 1301 2639 non
1320 2568 1406 2635 omnis
1419 2581 1466 2661 qt}-

278 2668 343 2728 rlem
363 2664 435 2727 fides
453 2668 636 2744 deneganda,
660 2687 756 2748 neque
773 2675 868 2727 tamen
885 2667 922 2743 ii,
946 2685 1021 2746 quos
1038 2668 1156 2727 trarlnut
1171 2665 1257 2743 ritus,
1280 2684 1346 2725 cnm
1365 2659 1465 2720 anoton-

277 2756 351 2830 bns,
375 2774 449 2835 quos
466 2774 537 2834 prae
559 2754 722 2832 scierunt,
748 2753 889 2834 aequales
915 2774 981 2816 esse
1004 2764 1082 2815 certo
1101 2755 1290 2815 credentium.
1326 2750 1396 2811 Rem
1412 2744 1466 2800 arte

231 2913 233 2919 ,
275 2843 355 2925 josto
373 2845 623 2922 expenderemus,
647 2843 673 2903 si
699 2839 773 2904 illud
793 2844 889 2923 ipsum
907 2841 1119 2921 Quaestionum
1138 2854 1165 2903 et
1182 2839 1413 2923 Responsionnro
1427 2825 1464 2888 lt·

278 2929 347 2994 otini
363 2929 453 2992 Mart.
478 2950 552 3009 opus
579 2930 795 2992 arlubitationc
820 2930 960 3012 vindicari
986 2938 1105 3011 posset,
1129 2930 1214 3011 cnjus
1241 2924 1465 3009 martyrisnon

277 3019 469 3101 imposturam
491 3018 619 3099 jamdiu
642 3019 908 3082 animadverterunt
934 3019 1010 3080 rlooti
1038 3016 1094 3080 riri
1117 3018 1296 3099 lranrlesqne
1315 3003 1465 3107 ocemont·

197 3184 208 3196 ,
278 3107 363 3170 Unde
381 3107 409 3168 id
427 3106 512 3168 uobis
529 3106 714 3185 relinquitur,
738 3104 859 3167 aliunde
875 3108 1074 3188 quaerentium
1091 3125 1158 3168 esso
1176 3125 1287 3168 causae
1305 3094 1465 3185 pracsilmtb

277 3195 366 3275 idque
381 3194 505 3275 primum
524 3193 775 3273 certissimumque
792 3194 886 3274 proclit
902 3194 1116 3270 Tertullianus,
1133 3192 1370 3256 accuratissimus
1385 3181 1465 3243 rituum

278 3282 416 3361 temporis
428 3284 474 3342 sui
492 3280 636 3361 interpres
643 3305 652 3356 3
670 3282 805 3341 nimirum
822 3280 932 3362 primus
949 3282 1035 3344 tradit
1046 3281 1175 3343 ordinem
1186 3280 1266 3343 bunc
1283 3279 1466 3363 susceptoriffb

278 3368 308 3429 in
327 3389 362 3430 eo
381 3378 477 3430 autem
496 3367 708 3448 negligentior,
734 3370 811 3449 qnod
830 3367 902 3429 nibil
928 3371 963 3433 tle
983 3369 1098 3450 origine
1124 3372 1189 3452 ejus
1210 3372 1414 3430 commentator
1426 3355 1466 3420 ⁸¹¹3

278 3457 345 3518 ude
361 3459 396 3519 rle
413 3455 559 3537 baptismo
579 3458 628 3518 17.
660 3458 746 3535 Quod
763 3467 936 3537 argumento
955 3478 1020 3520 esse
1036 3467 1142 3540 potest,
1167 3457 1330 3519 institutum
1347 3454 1398 3513 boo
1409 3437 1465 3503 till*

279 3544 401 3608 alterum
419 3543 526 3607 Christi
543 3565 605 3607 sec.
623 3565 681 3605 nou
699 3565 765 3607 esse
790 3545 1015 3627 porrigendum,
1040 3554 1104 3607 utut
1126 3546 1155 3607 io
1175 3546 1231 3607 dici
1257 3553 1336 3607 certo
1359 3527 1465 3613 reparat

279 3655 337 3717 quo
354 3655 431 3696 anno
447 3643 498 3695 ant
515 3654 573 3715 qno
590 3643 710 3695 anctore
726 3633 870 3716 cooperit,
895 3634 982 3696 diune
1008 3654 1045 3695 an
1072 3654 1174 3715 parum
1193 3642 1259 3696 ante
1277 3620 1463 3695 Tertulliani!

278 3722 368 3784 fuerit
382 3723 589 3784 introductum.
622 3722 717 3799 Quam
734 3723 919 3800 sententiam,
936 3742 1110 3804 quamquam
1127 3720 1310 3802 probabilem
1327 3712 1420 3778 saltem
1433 3699 1465 3798 (2¹¹

279 3808 400 3893 eicitur)
426 3809 492 3871 suis
514 3810 679 3872 rationibus
703 3832 761 3871 non
786 3808 873 3891 plane
897 3811 1080 3887 destitutam,
1106 3808 1341 3872 circumstantiae
1357 3799 1464 3875 tentotm

280 3918 397 3980 qnoque
410 3897 528 3979 jurant,
555 3898 685 3960 ridemus
703 3898 779 3961 enim
797 3897 954 3960 ecclesiam
972 3906 1143 3978 coetumque
1160 3898 1332 3961 sanctiorem
1350 3886 1399 3952 sul
1412 3879 1465 3974 llil

280 3996 411 4066 tempora
428 3985 611 4063 gravissimis
627 3986 832 4048 vexationibus
857 3985 1029 4062 laborasse,
1053 3995 1085 4047 nt
1102 3985 1185 4049 nulla
1200 4007 1258 4047 non
1276 3974 1431 4047 crudelitato
1442 3975 1463 4019 ¹¹¹

280 4095 346 4137 euru
364 4073 653 4138 animadverteretur.
691 4073 851 4136 Crescente
869 4074 944 4135 enirn
970 4072 1001 4134 in
1026 4072 1089 4135 alies
1108 4073 1339 4136 Christianorum
1359 4065 1463 4125 nnmtlb

279 4161 406 4226 vindicta
423 4182 539 4244 qnoque
557 4163 704 4224 severiore
722 4182 774 4223 eos
792 4161 1030 4243 comprimebant,
1057 4166 1134 4244 qood
1151 4161 1267 4225 abu'nrle
1285 4162 1400 4223 testator
1412 4153 1463 4203 Μ’

280 4250 388 4313 clelitas
404 4250 611 4330 imperatorum
629 4249 764 4330 Traiani,
782 4249 930 4326 Antonini,
948 4249 1070 4329 Severi3
1089 4253 1243 4334 martirum
1261 4261 1370 4332 quoqne
1385 4241 1462 4330 ΜΨ·

225 4397 230 4404 .
280 4339 339 4421 pla,
355 4337 520 4421 Polycarpi,
538 4337 656 4419 Ignatii,
672 4337 791 4415 lustini,
819 4337 931 4421 Hygini
955 4336 1148 4422 aliorumque.
1186 4338 1303 4417 Quibus
1320 4333 1401 4395 roone
1413 4323 1463 4379 lli·

281 4430 346 4488 dent
364 4426 497 4489 effectum
514 4434 568 4503 est,
584 4435 616 4489 ut
631 4426 743 4488 liberos
757 4425 1002 4504 Christianorum,
1020 4428 1188 4508 parentibus
1203 4425 1268 4489 suis
1283 4425 1392 4487 ornatos
1405 4413 1462 4507 ἥθ’·

280 4511 348 4578 tiles
364 4514 468 4579 lranrle
483 4515 628 4606 malisque
644 4511 758 4579 artibus
777 4516 1028 4583 circumvenirent.
1066 4517 1144 4578 Hinc
1167 4525 1199 4579 nt
1217 4513 1258 4599 pii
1275 4528 1356 4577 omne
1368 4501 1463 4585 pean·
