3067 5075
270 280 337 361 276
558 300 570 333 ·'
626 242 653 290 Ἰ
694 276 805 358 XLlll.
836 278 1076 376 ffidstboyor

270 467 403 547 &ndum
414 473 492 528 retro
501 484 581 531 senc.
592 464 670 528 circa
681 466 867 550 disciplinam
877 466 1118 546 ecclesiasticam,
1129 465 1209 529 circa
1218 463 1357 547 lapsorum
1366 464 1444 546 poeu-
1488 466 1489 485 ³

271 554 393 633 mabam
409 553 573 621 breviorem
592 564 643 616 aut
665 555 878 619 diuturniorem
902 562 1041 619 sulatum
1059 555 1173 636 iuerat,
1197 553 1327 635 quiequid
1341 551 1445 615 laboruu
1488 546 1489 609 l

271 644 474 725 cruciatuum,
495 641 692 724 jejuniorum,
716 643 883 725 uigiliarum
906 641 1089 726 aliorumque
1114 643 1144 705 id
1161 661 1258 724 genus
1275 639 1446 703 satisfactionis
1488 642 1489 707 l

273 742 415 811 auterno
446 750 567 812 operum
594 731 811 812 poenitentibus
837 735 984 796 decretum
1008 732 1121 810 iuerat,
1151 751 1217 793 oum
1247 728 1445 792 determinatione
1487 710 1489 778 l

270 821 412 902 temporis
436 820 473 881 ad
492 828 533 881 tot
556 838 673 883 mensas
692 827 743 882 aut
765 839 876 900 annos,
899 842 952 904 pro
976 820 1129 883 criminum
1147 817 1290 901 grauitate
1305 826 1331 880 et
1346 836 1445 893 nonem,
1488 842 1489 869 2

183 940 189 945 ¹
270 913 364 971 lotum
380 908 410 968 id
426 927 511 969 omns
526 906 737 987 instaurarunt,
754 929 840 972 omne
855 911 1030 973 seruandum
1049 907 1267 992 poenitentibus
1283 904 1445 987 praescripse-

270 1000 343 1059 b'uut
365 996 421 1058 boc
444 1015 557 1058 canona
576 994 680 1059 Patres
699 996 848 1059 Toletani.
891 997 937 1060 llo
956 1017 991 1060 eo
1009 998 1086 1060 enim
1106 996 1167 1080 jam
1186 995 1278 1078 primo
1296 993 1374 1076 bujns
1387 1011 1445 1053 oona

270 1088 388 1147 'moue
407 1084 482 1145 inter
501 1102 534 1144 so
553 1102 655 1146 omues
674 1092 888 1148 conuenerant:
913 1085 1029 1165 „Omne
1054 1087 1131 1168 quad
1155 1083 1316 1167 priscorum
1336 1100 1445 1144 caucum
1488 1082 1489 1159 l

271 1171 418 1236 summias
443 1170 587 1252 probibet,
610 1172 649 1234 sit
672 1184 846 1254 resurgente
870 1172 1028 1256 disciplina
1050 1172 1204 1235 inhibitum
1224 1180 1252 1234 ct
1268 1179 1364 1252 agatur
1379 1188 1445 1244 anne,
1488 1184 1489 1217 2

271 1261 353 1343 'q'nod
377 1257 519 1341 praecipit
541 1257 615 1322 ficri.
658 1258 802 1324 Maneant
824 1262 854 1323 in
877 1282 933 1325 suo
950 1261 1052 1343 uigore
1075 1282 1157 1324 conc.
1175 1259 1302 1322 omnium
1318 1255 1445 1330 consituta,
1488 1320 1489 1325 ,

272 1346 364 1425 simul
379 1358 408 1409 et
424 1346 582 1429 synodicae
598 1358 767 1412 sanctorum
786 1348 956 1433 praesulum
973 1351 1172 1413 Romanorum
1190 1347 1354 1431 epistolao.“
1389 1344 1446 1406 lloat
1488 1398 1489 1415 ,

271 1434 371 1499 autem
392 1431 529 1514 concilia,
553 1455 677 1517 quorum
695 1437 879 1501 autoritatem
898 1438 1067 1503 inuiolatam
1084 1437 1131 1500 bic
1147 1457 1214 1501 esse
1231 1435 1446 1512 volueruntque
1488 1450 1489 1503 ;

271 1524 334 1601 alio
347 1522 442 1597 fuere,
458 1533 575 1604 praeter
589 1523 650 1603 illa,
667 1546 743 1607 quas
761 1529 847 1589 nuodo
864 1526 1098 1605 commemorari,
1115 1547 1153 1588 ex
1169 1545 1293 1608 quorum
1307 1519 1411 1584 decretis
1423 1519 1446 1577 da
1488 1512 1489 1533 ¹

177 1642 182 1653 ·
273 1611 466 1695 poenitentia,
486 1611 682 1693 poenitentiae
699 1615 787 1676 etiarn
811 1608 940 1696 ternpore
963 1614 1092 1696 aliisque
1109 1613 1326 1697 compluribus,
1347 1628 1406 1691 quaa
1422 1605 1446 1665 ai

271 1700 505 1764 'conservandam
521 1698 667 1762 ecclesiae
684 1700 870 1784 disciplinam
886 1712 966 1766 recto
983 1701 1172 1766 landabiliter
1190 1701 1342 1765 constituta
1355 1698 1446 1767 iurant

157 1862 162 1873 .
273 1788 333 1872 jam
353 1786 464 1870 liquido
482 1789 645 1850 constabat.
669 1825 711 1835 -
735 1788 764 1872 §.
781 1791 812 1856 d.
837 1792 880 1854 tu
900 1812 1045 1855 canonum
1068 1811 1138 1853 uero
1161 1790 1341 1871 antiquorum
1357 1784 1446 1845 locutu
1488 1802 1489 1809 ¹

272 1875 413 1939 Patribus
430 1874 586 1939 Toletanis
605 1875 765 1959 collapsam
786 1878 931 1943 ecciesiae
948 1877 1133 1960 disciplinam
1153 1876 1368 1951 reducentibus,
1387 1885 1445 1931 nont

273 1962 365 2026 iaoile
387 1963 445 2027 sibi
467 1965 662 2045 persuadeat,
692 1986 824 2047 eousque
849 1989 901 2031 eos
924 1966 1102 2030 austeritatis
1121 1982 1299 2049 progressos
1316 1960 1407 2033 inissa,
1425 1963 1446 2013 ti

275 2052 451 2133 quibusdam
466 2051 673 2133 peccatoribus
688 2053 775 2116 etiarn
786 2056 815 2117 iu
836 2061 928 2118 morte
940 2055 1063 2136 gratiam
1077 2051 1292 2117 communionis
1304 2044 1445 2129 negaverint

239 2168 241 2173 v
275 2160 352 2222 quae
377 2158 473 2222 poena
494 2139 571 2201 inter
594 2139 652 2202 alia
675 2141 887 2222 suppliciorum
914 2163 1025 2221 genera
1048 2142 1116 2205 olim
1133 2143 1259 2225 probata
1273 2132 1445 2202 lueratiisdes

276 2228 452 2290 canonibus.
485 2226 551 2289 Hoc
569 2227 645 2288 cuiun
662 2229 699 2289 de
714 2228 834 2311 antiquo
849 2229 950 2310 rigore
965 2229 1131 2308 remissurn,
1148 2233 1238 2311 quod,
1252 2236 1321 2290 'cum
1332 2224 1357 2284 in
1372 2217 1444 2282 liliba-

272 2315 373 2379 rituum
395 2323 424 2377 et
440 2314 722 2394 Caesaraugustauo
745 2316 880 2379 conciliis
904 2317 960 2378 lucc
978 2318 1101 2381 lulmine
1118 2318 1238 2398 quidam
1261 2309 1397 2377 enormiter
1409 2303 1445 2401 θλ.-

272 2402 376 2483 gitiosi
389 2401 521 2483 percussi
534 2398 653 2479 luerint,
671 2413 764 2464 tarnan
779 2405 868 2487 hujus
884 2406 1078 2468 conc.Patres
1093 2405 1192 2468 mitius
1206 2423 1270 2468 curn
1282 2401 1365 2483 lapsis
1374 2399 1444 2463 actua

275 2489 422 2552 neminem
438 2510 547 2566 aarum,
571 2510 657 2572 quem
674 2489 805 2555 criminis
822 2492 994 2575 paeniteret,
1011 2494 1040 2555 iu
1059 2493 1209 2575 praesenti
1225 2491 1301 2555 ritae
1318 2477 1443 2551 discrimine

273 2578 363 2641 venia
386 2598 542 2659 rerumque
573 2598 724 2641 sacrarum
756 2582 960 2644 communione
992 2581 1141 2665 prohiberi
1168 2581 1321 2645 volueriut
1358 2571 1444 2635 Praesit

271 2676 360 2730 'erant
376 2687 458 2730 conc.
475 2655 624 2747 ge'neralis
642 2679 670 2729 et
687 2669 868 2731 oecumenici
886 2690 1026 2746 canones,
1049 2672 1134 2733 etiaim
1151 2669 1316 2751 pontificum
1333 2662 1444 2753 liemare

273 2766 349 2818 rum'
360 2754 511 2837 epistolae,
536 2775 658 2835 quarum
676 2759 803 2834 decreta,
827 2778 920 2839 aequa
936 2778 972 2820 ac
989 2755 1042 2819 illa
1058 2756 1261 2833 conciliorum,
1277 2738 1444 2843 intrantapb

274 2854 459 2926 proponunt,
485 2863 607 2925 quorum
631 2844 785 2907 autoritate
806 2845 866 2928 jam
888 2843 956 2908 olim
979 2846 1183 2927 peccatoribus
1204 2837 1365 2923 quibusvis,
1386 2841 1444 2894 titt!

276 2932 431 2995 obstinatis
450 2938 478 2994 et
495 2953 573 2994 nunc
592 2933 707 2994 demum
732 2933 760 2993 ia
780 2932 859 2996 exitu
877 2932 1055 3014 poenitentia
1071 2933 1184 3009 ductis,
1211 2931 1289 2993 iacta
1304 2928 1386 2989 luerat
1398 2919 1444 2976 tre

274 3018 469 3102 indulgentia.
492 3022 535 3082 lta
551 3021 739 3083 innocentius
754 3020 784 3081 in
802 3020 928 3100 epistola
944 3023 980 3083 ad
991 3028 1172 3103 Ετιῳστίιιπι,
1189 3019 1282 3099 episc.
1294 3011 1444 3077 'l'olosanun

275 3129 342 3173 cau.
356 3109 395 3171 2:
424 3109 486 3187 „Et
506 3107 563 3169 boc
578 3108 743 3190 quaesitum
762 3113 842 3185 est,“
874 3108 928 3186 ait,
954 3109 1049 3189 „quid
1065 3111 1102 3171 de
1117 3108 1163 3169 bis
1181 3101 1328 3171 obseruari
1343 3095 1444 3186 oportttl

274 3196 324 3278 qni
350 3206 416 3276 post
434 3195 608 3275 baptismum
628 3197 705 3258 omni
722 3207 851 3277 tempore
867 3196 1096 3260 incontinentiae
1113 3193 1310 3276 uoluptatibus
1325 3180 1409 3255 uetiti.
1425 3190 1444 3233 ¹¹

275 3293 405 3345 extremo
428 3281 486 3342 line
502 3280 578 3344 ritae
601 3304 673 3345 suae
689 3282 895 3364 poenitentiam
919 3282 1007 3345 simul
1025 3293 1054 3346 et
1072 3282 1335 3350 reconciliationem
1349 3280 1444 3335 count·

274 3369 374 3431 nionis
400 3369 587 3450 exposcenti
631 3371 678 3432 De
705 3369 753 3430 bis
780 3370 945 3433 observatio
972 3373 1052 3451 prior
1076 3371 1193 3451 donor,
1225 3363 1361 3452 posterior
1380 3356 1443 3417 inter·

274 3455 409 3523 ueniente
429 3455 630 3518 misericordia
649 3453 817 3520 inclinatior
840 3468 894 3520 est.
938 3457 1013 3521 Nam
1033 3461 1213 3523 consuetudo
1233 3458 1311 3542 prior
1326 3443 1411 3542 tenuit,
1425 3441 1444 3536 ti

275 3546 486 3619 concederetur
507 3545 551 3607 eis
571 3544 757 3624 poenitentia,
780 3548 832 3608 sed
850 3547 1015 3609 communio
1035 3556 1202 3629 negaretur.
1246 3546 1318 3609 Nam
1335 3553 1388 3600 cun
1404 3522 1443 3622 rllp

273 3633 454 3717 temporibus
469 3636 591 3695 crebrae
607 3633 827 3715 persecutiones
843 3646 953 3713 essent,
970 3657 1007 3699 no
1024 3634 1236 3698 communionis
1253 3642 1380 3695 concessa
1392 3616 1443 3677 [sar-

273 3722 342 3785 litas
360 3721 493 3785 bomines
513 3724 548 3783 de
573 3721 813 3785 reconciliatione
832 3743 955 3785 securos
975 3745 1034 3785 nou
1054 3732 1205 3786 reuocaret
1222 3739 1241 3784 a
1259 3704 1442 3801 tanaceti·

272 3809 376 3872 merito
392 3810 555 3872 communio
572 3820 625 3888 est,
641 3830 786 3872 concessa
802 3810 988 3890 poenitentia,
1008 3831 1043 3873 ne
1059 3820 1148 3873 totum
1167 3809 1299 3891 poenitus
1314 3799 1440 3893 ncgtttlli

274 3905 303 3960 ct
320 3895 466 3959 duriorem
483 3897 687 3960 remissionem
704 3897 776 3959 fecit
793 3896 930 3978 temporis
948 3897 1032 3961 ratio.
1054 3900 1115 3960 Sed
1134 3909 1318 3979 posteaquam
1333 3886 1441 3952 nonum

272 3992 374 4049 noster
392 4003 494 4065 pacem
514 3984 649 4048 ecclesiis
667 3985 730 4046 suis
750 3984 885 4062 reddidit,
908 3985 969 4067 jam
988 3995 1097 4049 terrore
1113 3986 1237 4068 depulso
1253 3970 1441 4070 communipttl

273 4072 450 4138 abeuntibus
469 4072 530 4135 dari
549 4072 658 4154 placuit
676 4084 704 4135 et
721 4082 838 4153 propter
854 4071 971 4141 Domini
992 4073 1223 4136 misericordiam
1243 4067 1324 4154 quasi
1341 4060 1441 4157 structa

270 4160 449 4244 proiecturis
475 4171 503 4222 et
520 4180 557 4221 ne
580 4159 752 4238 Nuratiani,
778 4158 914 4239 negantis
937 4159 1068 4239 reniam,
1096 4161 1280 4243 asperitatem
1297 4163 1324 4217 ct
1342 4150 1440 4234 aratu!

272 4249 356 4331 sequi
379 4247 541 4312 videantur.
587 4248 743 4309 'l'ribuitnr
771 4268 842 4327 ergo
866 4269 932 4311 cuna
958 4248 1137 4331 poenitentia
1165 4260 1292 4312 extrema
1314 4236 1440 4328 camuli?

271 4344 307 4397 nt
319 4335 453 4400 homiues
467 4334 645 4420 bojamundi,
663 4332 708 4397 rel
726 4335 754 4395 in
767 4335 912 4417 supremis
925 4335 989 4399 suis
1000 4336 1194 4418 poenitentes,
1211 4320 1441 4418 aperpcmoantt

268 4421 485 4487 vindicentur.“
518 4421 628 4486 undem
646 4424 730 4486 modo
746 4423 806 4506 jam
826 4435 893 4488 ante
909 4424 1119 4505 innocentium,
1138 4433 1262 4489 exeunte
1281 4399 1441 4481 seclusi·

269 4509 381 4591 ricius,
407 4510 520 4578 Romae
547 4511 637 4595 episc.
663 4521 832 4595 apostatos,
865 4521 1038 4596 peccatores
1063 4522 1192 4577 extreme
1218 4506 1372 4594 inprobos,
1396 4486 1442 4569 lll
