3067 5075
245 218 250 221 Π
302 259 338 327 do
356 258 415 363 ritu
433 256 1107 377 sepeliendimortuus-aprrettrdhrietianos.
1244 263 1310 351 {tit

80 456 155 516 pem
166 436 339 515 uuiruaeffet
349 438 487 523 eorporis
502 437 645 516 ratore‘i
667 438 819 505 collectae
835 439 1051 523 prodeluuetir
1067 440 1212 523 iecerunt,
1227 447 1309 527 quod

81 552 140 594 eas
165 528 289 605 mortuis
310 531 348 593 ad
372 528 599 612 redemptionem
625 527 741 606 animae
760 532 907 611 prodesse
928 530 1120 607 crediderint,
1152 543 1184 594 ιι
1208 533 1309 611 docuit

80 621 218 684 loannes
228 617 498 701 Eleemosyuarias,
512 616 1198 697 testeviuoeatio‘db,110.HtoemarnsRhenr.
1215 621 1309 701 episc.

80 709 118 771 iu
143 708 237 789 (epist.
253 710 292 770 od
309 714 477 769 Τιιιιιιιιιι.
492 708 584 785 ιιι.)
597 705 653 768 ait:
665 748 667 757 ι
680 708 753 783 „to
771 706 891 784 amieis,
918 708 1110 791 propinquis,
1128 707 1307 775 haeredibus
1387 754 1394 761 ·

80 792 285 874 mortuorum,
305 793 450 873 ecclesiis,
467 794 497 856 in
514 794 622 875 quibus
639 792 696 875 ipsi
712 793 822 876 sepulti
838 806 930 870 eraut,
947 795 1046 858 offerri
1061 795 1172 878 aliquid
1185 797 1308 860 solitum

78 904 173 961 esse,
199 903 266 946 cum
285 883 421 964 adripere
441 882 576 964 quidem,
599 884 650 944 sed
671 903 731 945 non
755 882 876 963 exigere
899 880 1018 949 liceat.“
1050 885 1096 948 lle
1114 885 1220 963 diebus
1235 907 1306 949 rere

77 975 113 1051 7,
138 972 182 1035 33
200 978 229 1033 et
245 971 289 1034 40
313 971 508 1034 sollemnibus
528 980 706 1033 mortuorum
725 992 821 1052 pauca
837 971 982 1036 ducamus
1015 973 1049 1034 ln
1068 970 1205 1037 ecclesus
1222 993 1307 1037 occr
1359 1036 1362 1039 .

78 1058 256 1131 dentalibus
281 1057 411 1122 celebris
437 1061 474 1120 ob
507 1057 636 1131 defuncti
661 1060 831 1133 memoriam
856 1059 913 1122 fuit
939 1061 1003 1124 dies
1026 1061 1070 1124 40
1094 1071 1161 1143 post
1184 1062 1307 1167 obitum,
1393 1097 1398 1106 1

76 1147 265 1212 Ambrosius
277 1147 322 1229 (iu
338 1157 410 1211 orat.
427 1150 537 1225 fanebr
551 1149 698 1211 Theodorii
713 1151 815 1229 imp.)·
838 1147 940 1230 „Ejus
963 1148 1105 1231 principis
1128 1159 1157 1212 et
1173 1150 1305 1230 proxime

77 1236 333 1300 conclamavimus
345 1235 465 1313 obituro,
483 1244 512 1297 et
522 1256 600 1297 nunc
612 1236 870 1316 quadragesimum
887 1230 1079 1314 celebramus,
1096 1234 1305 1305 sicuteanctus

74 1323 194 1406 loseph
219 1324 294 1405 patri
320 1343 375 1386 suo
393 1324 485 1386 Jacob
504 1323 700 1404 quadraginin
719 1325 824 1387 diebus
848 1324 1028 1386 humationis
1050 1286 1150 1388 uilicia
1169 1327 1304 1391 detulit.“

75 1413 140 1477 Ubi
159 1423 187 1477 et
208 1415 245 1474 de
263 1413 329 1494 ejus
348 1412 421 1474 ritus
441 1411 582 1474 varietate
605 1410 662 1472 ista
678 1411 807 1474 addidit:
830 1411 917 1490 „dlii
937 1412 1051 1475 tertium
1069 1412 1145 1475 diem
1163 1423 1193 1476 et
1210 1414 1305 1496 trige·'

77 1504 200 1578 sim—um,
217 1499 267 1562 alii
285 1500 440 1582 septimum
457 1510 485 1562 et
500 1499 760 1582 qurrdragesirnum
778 1502 936 1564 observare
952 1505 1200 1565 consueverunt.“
1224 1503 1304 1567 ldem

77 1591 127 1668 (in
153 1600 226 1657 orat.
244 1591 280 1651 de'
296 1590 351 1666 tide
367 1593 546 1668 roorrrreot.):
573 1589 688 1667 „Nunc
707 1588 754 1651 die
773 1589 897 1668 septima
916 1591 953 1652 ad
971 1587 1139 1670 sepulerum
1158 1590 1304 1672 ‚redituum

77 1676 131 1760 qui
150 1676 214 1739 dies
233 1676 396 1760 symbolum
419 1678 536 1739 loturae
555 1674 662 1759 quietis
681 1680 757 1740 est.“
791 1677 859 1755 Quo
882 1675 914 1737 iu
931 1676 997 1739 loco
1021 1676 1129 1755 refert,
1154 1681 1303 1744 orationes

76 1779 109 1828 et
127 1766 348 1829 exhortationes
365 1786 400 1827 ιο
417 1766 465 1826 ιιι
481 1765 581 1826 haberi
599 1764 801 1835 consuevisse.
831 1764 939 1828 Narrat
954 1764 1118 1844 Gregorius
1133 1764 1166 1827 iu
1181 1770 1304 1848 diodonis

75 1857 129 1917 ttt.
140 1852 184 1916 Π.
201 1875 261 1933 cop.
275 1856 326 1913 23.
344 1854 440 1930 „eluas
458 1855 599 1956 quasdam
611 1851 851 1915 sanctimoniales
863 1852 1005 1935 petulanti
1019 1853 1173 1917 lahorasse
1186 1850 1302 1937 lirigna,

76 1950 216 2018 sanctum
232 1899 421 2004 Benedihtum
439 1961 510 2003 roro
528 1940 708 2004 minitantem
729 1941 860 2003 dixisse.
884 1940 950 2002 Nisi
975 1941 1163 2005 correxeritis
1168 1940 1303 2024 linguas

75 2038 215 2105 restr·,as
241 2028 462 2103 excommunico
484 2049 547 2096 ros.
580 2028 718 2092 lllortuae
737 2049 806 2093 vero
831 2039 899 2091 sunt
924 2028 1062 2092 mulieres
1087 2039 1115 2093 ct
1138 2029 1170 2105 iu
1193 2033 1302 2114 templo

75 2113 227 2221 sepultae.
261 2110 336 2185 Cura
360 2130 457 2181 autern
482 2128 611 2198 temporo
635 2117 745 2188 missae
769 2117 913 2179 diaconus
932 2117 1072 2189 clamaret
1097 2119 1134 2179 de
1153 2138 1302 2198 ιιιιιι,ιι

76 2207 157 2289 quis
164 2226 224 2267 non
239 2206 445 2281 cornmunicat,
461 2207 509 2267 det
525 2206 638 2267 locum:
657 2205 729 2268 uidit
746 2226 844 2267 earum
863 2205 961 2271 nutrix
978 2206 1063 2269 etiam
1077 2204 1151 2268 istas
1167 2206 1302 2288 sepultas

74 2294 221 2357 mulieres
246 2314 370 2375 surgere
395 2305 482 2376 atque
507 2296 543 2356 de
568 2290 675 2376 templo
696 2293 787 2356 exire.
827 2294 934 2357 Postea
956 2295 1051 2374 igitur
1074 2293 1222 2363 oblatione
1242 2317 1301 2378 pru

74 2376 231 2445 defunctis
246 2382 334 2456 sacta,
353 2392 559 2445 remanserunt
577 2382 606 2442 in
623 2379 781 2463 sepulcris.
785 2384 803 2416 “
839 2381 950 2445 Sorihit
965 2383 1041 2444 idem
1058 2382 1189 2463 pontifex
1213 2385 1302 2463 (hora.

75 2474 157 2538 37st
148 2493 178 2533 ra
195 2473 322 2552 eourrpp.)
348 2473 520 2554 ,‚qoandam
544 2466 745 2533 mulierculam
763 2490 815 2553 pro
832 2490 886 2533 suo
904 2472 1006 2533 marito
1024 2470 1054 2532 in
1072 2467 1150 2533 bello
1169 2483 1252 2554 capto
1272 2483 1301 2542 et

74 2562 217 2636 abrtucto,
242 2560 333 2624 relrrti
352 2582 403 2640 pro
423 2570 552 2637 mortuo,
577 2560 687 2623 hostias
706 2561 937 2625 hebdomadibus
957 2560 1085 2638 siugulis
1103 2581 1231 2624 curasse
1252 2563 1301 2632 ol-‚

73 2649 181 2726 ferri.“
213 2649 330 2711 Recitat
353 2650 430 2710 idem
455 2659 557 2710 auctor
583 2651 671 2729 (lanua.
689 2650 718 2711 7.
737 2655 765 2711 in
782 2649 836 2729 eo.)
858 2648 1025 2726 „Cassium
1042 2648 1198 2711 Narieosie
1217 2651 1301 2718 urbis

74 2738 250 2818 episcopam
270 2758 361 2819 prope
382 2738 476 2798 sancti
492 2734 644 2799 luvenalis
664 2736 799 2819 martyris
821 2737 989 2819 sepulcrum
1006 2736 1138 2818 quotidie
1153 2735 1300 2802 obtulisse

74 2824 255 2889 sacrificinm
279 2847 331 2907 pro
350 2823 498 2887 defunctis
518 2835 545 2886 et
562 2825 758 2888 virentibrrs.“
794 2824 961 2899 Orationes,
1007 2826 1094 2887 uibus
1113 2823 1227 2888 animas
1244 2828 1300 2889 de·

73 2914 244 2976 functorum
258 2914 321 2976 Deo
332 2916 545 2990 commendant,
564 2920 771 2984 commemorat
781 2913 862 2975 Beda
877 2911 908 2989 4,
920 2915 972 2977 25.
986 2848 1080 2975 licata
1093 2912 1299 2995 episcoporum

72 3002 256 3064 Motensiuru
273 3001 395 3063 recitant
411 3004 447 3064 de
461 3001 597 3064 Clodulio
615 3002 766 3083 episeopo,
784 3002 884 3086 „quod
898 3000 955 3080 ipsi
972 3001 1098 3081 sepulto,
1116 3000 1218 3062 elerici
1231 3003 1298 3080 ejus

72 3111 130 3184 per
154 3087 276 3168 triginta
296 3091 359 3152 dies
384 3090 540 3156 missarum
566 3089 770 3166 sollemnibus,
797 3089 988 3167 orationibus,
1009 3088 1155 3150 continuis
1174 3088 1298 3170 vigiliis,

74 3180 106 3241 ιι
129 3175 322 3258 psalmodiis,
349 3178 467 3260 pietatis
492 3177 614 3254 intuitu,
638 3178 718 3258 justa
738 3175 939 3257 persolverint
944 3181 962 3212 “
996 3176 1098 3257 lrnpiis
1113 3198 1182 3239 rero
1202 3198 1300 3259 neque

73 3268 143 3330 loeo
168 3264 255 3327 solito
273 3268 358 3348 juxta
382 3278 496 3328 ceteros
514 3225 698 3328 Chrisliaaos
718 3264 847 3332 taurulus
871 3266 973 3343 drutus,
999 3287 1095 3347 neque
1118 3284 1223 3346 preces
1244 3287 1298 3347 pro

73 3355 113 3420 iis
128 3347 282 3417 exhibitae
302 3376 398 3436 neque
415 3354 522 3417 missae
540 3355 635 3423 dictae
659 3363 710 3417 aut
728 3350 833 3433 psalmi
851 3313 973 3418 cantati:
1008 3353 1182 3417 Memoriae
1189 3354 1299 3416 delun

74 3454 189 3508 ciorum
205 3442 417 3505 anniuersariis
435 3443 627 3516 orationibus,
645 3441 772 3522 vigiliis,
784 3441 964 3523 psalmorum
980 3441 1080 3521 laude,
1095 3442 1196 3506 missis
1214 3441 1300 3510 cele-

71 3533 209 3606 bearunt,
235 3541 267 3591 ut
289 3531 375 3592 tradit
397 3530 483 3593 idem
492 3530 575 3592 Beda
599 3491 644 3608 (3,
662 3532 706 3610 2.)
725 3551 774 3610 qur
767 3529 895 3607 ',resert
921 3532 958 3594 ad
983 3549 1110 3607 oruccru,
1127 3531 1298 3614 quarnOs-
1378 3581 1380 3586 ,

72 3616 216 3682 waldus
207 3639 238 3680 ιι
261 3621 329 3681 Anu
309 3616 373 3698 „tia
393 3628 545 3692 erexerat,
571 3618 678 3681 iratres
700 3617 954 3696 Hagustaldensis
974 3617 1119 3680 ecclesiae
1140 3618 1298 3699 quotannis

71 3708 170 3790 pridie
198 3716 264 3768 aute
289 3708 379 3769 atton·
396 3707 489 3784 diern,
523 3728 587 3788 quo⁴
607 3705 638 3768 is,
655 3706 773 3773 occisus
796 3706 910 3783 iuerat,
933 3705 1055 3785 uigilias
1081 3722 1146 3767 cum
1171 3704 1297 3788 plurima

71 3796 255 3878 psaltriarum
273 3795 361 3857 lando
386 3795 575 3858 continuasse
600 3802 628 3855 et
647 3793 792 3856 victimam
815 3812 920 3858 sacrae
939 3791 1104 3857 oblationis
1127 3809 1181 3875 pru
1198 3794 1297 3866 saluta

71 3883 192 3947 animae
210 3883 276 3964 ejus
300 3883 407 3945 olierre
435 3880 540 3945 solitos
559 3883 662 3948 inisse.
697 3882 822 3946 Olovius
842 3904 961 3964 quoquo
983 3905 1054 3961 rex,
1079 3883 1109 3944 in
1135 3882 1228 3962 toro,
1244 3883 1299 3948 nbi

72 3973 221 4037 Osrinum
241 3989 341 4051 regem
361 3971 482 4034 interfici
501 3982 645 4047 curarat,
664 3971 834 4033 eonomine
853 3971 1059 4035 monasterium
1076 3971 1239 4050 exstruxit,
1263 3983 1298 4040 ιιι

71 4060 205 4143 quotidie
222 4081 325 4140 preces
344 4074 396 4138 pro
414 4061 566 4143 utriusque
585 4060 683 4124 anima
701 4059 743 4122 ibi
759 4059 871 4136 fierent
896 4067 969 4126 teste
985 4061 1066 4127 Beda
1085 4059 1132 4140 (3,
1150 4059 1207 4138 2.).
1240 4058 1299 4122 sto

70 4153 110 4212 de
128 4147 306 4212 monialibus
320 4148 396 4210 idem
411 4148 514 4212 scribit
531 4147 582 4222 (4,
588 4152 639 4226 7.,)
657 4151 733 4230 quod
752 4147 880 4230 expletis
892 4149 1039 4218 matutinis
1054 4147 1147 4222 lteris,
1163 4146 1298 4227 quotidie

70 4241 109 4302 ad
132 4237 256 4299 fratrum
280 4236 418 4317 sepulcra
442 4247 539 4300 certas
558 4238 624 4299 Deo
642 4235 747 4299 laudes
774 4257 881 4326 canere
906 4238 1047 4306 solerent,
1087 4195 1299 4308 herliewaldus,

70 4326 114 4406 {in
133 4332 216 4406 epist.
233 4327 271 4388 ud
286 4338 413 4388 ιιιιιιιι
431 4325 623 4405 Boaifooiarn)
648 4317 752 4403 relert,
775 4322 932 4392 raemoriae
952 4337 1130 4390 mortuorum
1152 4320 1299 4396 anniuer«,

70 4412 152 4476 sario
171 4413 218 4474 die
235 4414 418 4477 orationibus
437 4413 611 4489 celebratas,
630 4423 658 4475 et
676 4413 879 4480 defunctorum
897 4416 1024 4494 aomina,
1043 4419 1131 4495 prout
1149 4423 1298 4502 opportu-

68 4503 147 4569 nitas
170 4501 242 4568 anui
259 4502 410 4591 exegerit,
434 4523 472 4570 ex
496 4512 621 4635 ntrapue
639 4513 724 4592 parte
740 4504 867 4569 adducta
884 4503 998 4572 fuisse.
1024 4502 1070 4570 lu.
1087 4491 1298 4574 Datttttsoeuus
