3067 5075
236 228 340 329 'seo
385 216 393 255 ⁵
487 206 493 214 ό
707 259 816 327 xttr.
845 257 913 347 stt.
928 260 1051 325 return
1144 270 1151 281 *

275 436 403 519 Eugeuii
422 446 450 498 et
465 434 588 526 aliorum
606 432 637 496 iu
653 433 768 513 iisdem,
793 456 868 517 qnae
885 436 1090 518 allegavimus,
1108 434 1182 499 eutis
1200 434 1296 511 obvie,
1311 433 1379 497 sutis
1392 435 1459 498 luru-

273 526 368 588 leuter
390 527 597 585 demonstrant.
640 523 706 585 Nou
726 522 794 586 licet
821 524 905 586 nobis
929 524 960 586 iu
981 523 1170 587 recensendis
1193 522 1315 605 reliquis
1332 523 1458 587 ordinibus

274 613 464 675 interioribus
482 612 585 683 sideru,
603 630 661 691 qua
677 611 830 691 bucusque
847 612 1056 692 processimus,
1078 611 1144 673 riae
1160 610 1309 688 insistere,
1331 631 1365 673 ne
1379 611 1458 671 lecturi

274 701 399 763 taedium
418 711 512 773 creet,
542 719 606 759 rum
633 699 805 778 praesertim
823 721 882 760 nou
900 720 994 780 aeque
1019 698 1226 761 memorabiles
1248 696 1291 759 illi
1309 698 1336 758 in
1354 695 1458 761 ecclesia

274 790 392 851 luerint.
437 786 581 848 Breribns
606 785 697 866 igitur
715 797 824 848 tanturn
845 790 1052 865 observamus,
1077 786 1241 867 postulatos
1260 785 1352 851 fuisse
1367 788 1398 845 ad
1413 796 1458 846 tra-

266 877 410 938 ditionem
426 875 643 950 subdiaconos,
660 874 792 936 fossores
808 886 836 936 et
854 894 999 938 sassones.
1045 875 1091 937 Ex
1107 873 1171 936 istis
1189 894 1262 955 prae
1279 872 1345 936 aliis
1360 872 1458 935 celebris

275 972 320 1027 est
335 964 483 1036 Siluanus,
499 971 603 1041 postea
614 961 759 1023 Cirtensis
777 964 878 1044 episc,
896 985 980 1044 quem
999 965 1086 1024 citata
1103 972 1187 1043 gesta
1202 964 1281 1042 apud
1294 961 1457 1041 Zenopbilun

275 1053 460 1114 Traditorem
490 1050 584 1109 luisse
615 1048 666 1110 ille
695 1057 842 1130 ternpore,
874 1072 931 1131 qne
956 1050 1127 1113 subdiaconi
1152 1049 1334 1130 fungebatur
1357 1067 1458 1124 munere,

201 1192 202 1199 ,
275 1139 430 1201 manifeste
456 1137 621 1199 ostendunt.
666 1134 737 1197 llius
771 1151 858 1217 atque
890 1141 943 1199 ltus
973 1142 1073 1201 eatletu
1098 1151 1163 1198 artu
1192 1137 1359 1199 nominatim
1385 1136 1458 1196 itidem

275 1227 456 1306 exprimunt,
482 1235 513 1284 ut
535 1227 608 1284 adeo
633 1221 744 1285 nullutn
770 1225 857 1304 plane
876 1226 995 1287 dubium
1020 1226 1074 1303 sit,
1100 1224 1170 1306 quiu
1190 1245 1250 1286 nou
1269 1226 1351 1286 mode
1366 1220 1459 1303 flagitati

275 1314 385 1376 luerint
401 1314 504 1373 borum
523 1312 655 1372 ordinum
675 1311 727 1372 riri
745 1317 782 1373 ad
802 1314 996 1392 traditionem,
1020 1316 1073 1376 scel
1092 1313 1177 1376 etiaut
1195 1313 1240 1375 rei
1259 1311 1382 1373 criminis
1395 1310 1458 1372 istius

275 1423 361 1483 quam
379 1400 543 1462 certissime
562 1399 687 1460 habendi
705 1399 773 1463 sint.
890 1395 895 1404 “
1115 1414 1119 1423 ’

362 1485 521 1568 Reliquum
538 1494 593 1565 est,
618 1498 649 1548 ut
666 1507 744 1547 uttnc
761 1488 847 1549 etiarn
864 1489 899 1548 ad
919 1489 1049 1550 ordinem
1067 1487 1216 1570 politicum
1235 1497 1263 1549 et
1280 1485 1392 1548 heribern
1407 1505 1457 1563 pre·

275 1577 460 1658 gaudiamur,
491 1585 519 1637 et
544 1578 580 1636 ab
605 1575 769 1657 bujusrnodi
795 1575 961 1637 homiuibus
987 1575 1160 1656 postulatam
1184 1575 1284 1636 fuisse
1308 1573 1457 1634 traditionem

276 1667 474 1727 ostendamus.
520 1660 663 1723 Nimirum
682 1665 772 1741 probe
790 1665 945 1723 tenendum
966 1675 1021 1741 est,
1046 1684 1102 1724 uon
1128 1663 1254 1725 ciericos
1271 1670 1373 1724 tautum
1387 1661 1426 1721 sed
1439 1666 1457 1718 et

229 1749 239 1771 ‘
276 1746 368 1814 laicos
390 1752 420 1811 iu
446 1748 645 1830 quaestionem
671 1751 707 1811 tle
731 1749 884 1810 codicibus
903 1761 1023 1812 uocatos
1040 1751 1145 1812 luisse⁴
1191 1752 1296 1831 Neque
1320 1745 1456 1811 uumCelse

276 1841 327 1902 tibi
353 1841 536 1920 persuadeas
561 1836 664 1912 uelim,
688 1836 815 1898 intimam
832 1849 941 1900 tautum
961 1840 1074 1920 plebem
1092 1850 1119 1901 et
1137 1838 1252 1901 laecem
1273 1839 1352 1920 quasi
1366 1830 1456 1915 geneis

276 1928 394 1989 humaui
411 1926 505 1988 sacris
520 1923 752 1987 Christianorum
769 1926 913 1987 addictam
929 1925 1040 2003 luisse,
1065 1946 1130 1988 cunt
1149 1939 1176 1989 et
1201 1943 1369 2005 magnarum
1384 1918 1456 1999 digui-

262 2025 365 2097 ‚tatmu
382 2014 462 2075 riros
481 2011 593 2077 Christi
612 2019 708 2074 castra
725 2020 854 2075 sactutos
872 2013 967 2075 inisse
984 2013 1093 2094 passim
1112 2014 1261 2093 legamus.
1303 2012 1353 2073 Sic
1367 2009 1391 2070 in
1404 2004 1456 2087 ipsis
1492 2028 1493 2077 1

275 2101 453 2165 Diocletiani
471 2099 611 2162 ministris
628 2099 812 2162 Christianus
828 2100 931 2175 luisse,
950 2100 1078 2162 omnium
1095 2100 1272 2177 clarissime,
1289 2099 1314 2160 si
1330 2098 1390 2180 qnid
1404 2113 1456 2156 eeu·

273 2190 357 2272 jicio,
383 2210 419 2250 ex
435 2188 588 2249 Lactantio
605 2196 633 2248 et
648 2188 779 2249 Eusebio
796 2196 884 2270 patet.
929 2188 1067 2252 Videmus
1084 2200 1172 2267 certe,
1199 2188 1375 2267 Cartbagine
1393 2199 1457 2244 seua·

278 2287 369 2339 torem
393 2275 611 2351 Abitinensetn,
637 2275 793 2353 Dativum,
819 2295 939 2356 passum
963 2278 1019 2338 sub
1043 2274 1171 2338 Auulino
1189 2289 1311 2357 propter
1332 2294 1354 2336 s.
1375 2270 1456 2331 lltttttt

278 2387 344 2427 cum
372 2362 461 2424 sociis
488 2361 578 2440 lange
607 2360 758 2442 plurimis,
786 2384 908 2444 quornm
935 2375 1001 2426 actu
1025 2366 1188 2445 producunt
1212 2364 1372 2426 Ruinartus
1396 2356 1455 2439 (lc

277 2474 305 2532 p.
323 2452 386 2511 382
402 2455 459 2525 m.)
483 2459 512 2510 et
533 2446 583 2510 Du
599 2448 703 2512 Pinius
727 2472 765 2512 ex
782 2451 905 2525 Baluzie
931 2454 987 2523 (ed
1011 2455 1112 2514 cubem
1130 2451 1229 2531 Optati
1253 2475 1285 2532 p.
1300 2473 1334 2511 aa.
1354 2447 1403 2507 tut
1415 2440 1454 2517 st.)

278 2539 344 2620 plus
368 2538 459 2599 semel
479 2537 540 2619 jam
565 2535 649 2600 nobis
675 2538 772 2600 citata.
818 2538 886 2601 Pari
912 2542 997 2602 modo
1020 2540 1049 2601 in
1075 2538 1168 2621 gestis
1193 2542 1274 2620 apud
1299 2529 1455 2617 Zenqplilutt

278 2632 318 2708 tp.
335 2645 371 2689 nt.
391 2625 477 2710 ¹58.)
498 2624 642 2703 ieiertur,
665 2628 701 2689 ad
719 2629 834 2688 demum
852 2626 1019 2690 Coddeonis
1037 2627 1132 2690 mariti
1160 2648 1227 2688 curn
1252 2625 1374 2688 uenisset
1386 2616 1454 2689 Felix,

278 2716 400 2791 flamen,
427 2724 544 2775 curator
568 2713 712 2776 Cirtensis
737 2714 872 2776 coloniae
895 2726 1071 2796 perpetuus,
1100 2713 1272 2796 postulasse
1295 2713 1417 2778 cundem,
1435 2710 1455 2762 tl
1491 2717 1492 2786 l

278 2803 396 2864 codices
420 2802 636 2883 proicerentur,
661 2803 746 2884 cujus
765 2814 793 2864 et
812 2804 955 2865 mandatis
972 2803 1140 2866 coddeonis
1158 2823 1238 2864 uxor
1255 2820 1358 2863 morem
1373 2798 1454 2872 absque
1491 2793 1492 2850 l

279 2912 360 2952 mora
383 2890 487 2970 gessit.
533 2890 616 2966 Quae
635 2893 732 2952 omnia
750 2890 900 2972 prolecto,
923 2912 979 2951 nou
998 2891 1142 2953 immunes
1160 2889 1256 2952 luisse
1274 2888 1363 2950 laicos
1377 2885 1407 2945 ab
1419 2876 1454 2977 illl
1491 2853 1492 2924 l

278 2977 466 3060 inquisitione
492 2988 592 3057 aperte
617 2980 790 3056 ostendunt,
820 2978 953 3059 quamvis
977 2998 1034 3039 uon
1060 2989 1117 3058 tam
1143 2977 1235 3039 multa
1258 2976 1345 3058 bujus
1367 2979 1454 3050 genem

278 3067 450 3129 traditorum'
467 3064 601 3144 exempla
618 3075 791 3139 occurrant,
815 3065 890 3128 forte
907 3075 1003 3128 tamen
1020 3087 1077 3128 non
1097 3065 1189 3146 digua
1204 3063 1388 3145 scriptoribus
1403 3054 1453 3127 title

279 3174 355 3236 quae
370 3152 492 3234 lougius
510 3163 608 3214 esseut
624 3154 832 3216 enumeranda.
1338 3228 1343 3236 .

369 3243 423 3317 17)
443 3239 587 3302 Omnibus
603 3241 719 3301 omnino
735 3235 915 3315 bominibus,
936 3240 984 3322 qui
1004 3240 1192 3302 christianam
1208 3238 1294 3301 belem
1310 3231 1452 3327 profiteber-

280 3339 343 3406 tur,
370 3348 489 3407 grauem
515 3325 608 3387 lauisse
631 3336 718 3407 atque
741 3326 880 3388 infestam
902 3327 1078 3391 Diocletiani
1103 3328 1351 3410 persecutionem,
1374 3339 1404 3381 tx
1420 3327 1452 3416 {¹⁵2

280 3436 355 3496 quae
381 3415 531 3493 saprade
556 3413 659 3476 edictis
683 3412 829 3493 diximus,
854 3413 1040 3478 manifestum
1064 3434 1133 3477 esse
1157 3424 1264 3495 potest.
1306 3414 1388 3491 dtque
1406 3404 1452 3464 buu
1490 3421 1491 3492 q

279 3503 388 3564 laetum
407 3512 459 3577 est,
477 3509 509 3562 ut
524 3520 542 3562 n
559 3521 633 3563 sexu
649 3522 764 3582 qnoque
782 3500 915 3564 muliebri
934 3501 1052 3565 codices
1070 3522 1172 3565 sacros
1188 3493 1365 3585 requirerent
1377 3497 1451 3574 perat·
1490 3525 1491 3560 1

191 3599 212 3616 ²
280 3599 408 3654 celeres.
453 3589 555 3651 Fidem
578 3588 635 3649 hac
657 3590 686 3649 iu
712 3610 743 3651 re
765 3588 999 3668 uubislaciunt,
1023 3610 1099 3671 quae
1119 3590 1206 3671 paulo
1230 3578 1451 3651 auteattmtuu
1490 3575 1491 3610 l

279 3690 364 3760 gesta
380 3679 456 3780 apud
473 3676 669 3757 Zenopitilnm
687 3678 883 3755 consularem,
905 3678 949 3759 (p.
967 3700 1003 3741 m.
1024 3679 1084 3738 168
1100 3679 1140 3761 b.)
1164 3668 1452 3739 ubiCoddeouist11⁰r

279 3770 316 3828 ad
341 3765 470 3827 Felicem
494 3784 548 3844 sex
573 3764 689 3827 cedices
719 3766 881 3845 protulisse
906 3764 1022 3828 dicitur.
1066 3765 1202 3845 inprimis
1225 3785 1293 3827 vero
1318 3750 1451 3822 restruunt

280 3855 352 3915 dcta
368 3847 541 3914 Sauetarum
559 3853 689 3933 dgapes,
707 3852 861 3932 Cbioniae,
878 3852 978 3934 breues
995 3862 1049 3915 cet.
1066 3873 1083 3914 a
1100 3852 1245 3914 Ruinarto
1267 3851 1295 3912 iu
1313 3851 1381 3910 Aetio
1394 3853 1450 3899 unt·

279 3951 370 4017 tprum
385 3946 500 4002 sinceris
515 3951 540 4002 et
555 3945 662 4003 selectis
679 3964 707 4020 p.
724 3943 788 4002 392
806 3963 845 4002 ee.
868 3937 1008 4017 exhibita,
1025 3960 1101 4022 quae
1118 3950 1253 4020 negatam
1269 3937 1416 4000 constanter
1425 3917 1450 3980 tl

278 4029 363 4091 irene
380 4027 560 4090 traditionem
577 4028 795 4107 scripturarum
812 4026 988 4107 praedicunt,
1006 4029 1043 4089 olt
1058 4048 1143 4109 quam
1156 4028 1292 4107 deinceps
1305 4021 1388 4091 etiam,
1400 4010 1450 4072 atet

280 4123 446 4180 recusatam
462 4114 576 4177 sortiter
591 4115 816 4176 immolationem
826 4115 892 4177 Diis
907 4136 1088 4195 paganorum
1102 4115 1289 4192 efferendam,
1304 4099 1451 4197 tneoattltb

282 4208 460 4267 Diocletiunli
478 4208 598 4283 Artpueti
612 4208 669 4265 tx.
693 4209 870 4265 Maximiani
893 4214 984 4265 nutem
1007 4209 1079 4283 Aup.
1096 4206 1127 4265 8.
1145 4205 1281 4266 Kalendis
1295 4196 1391 4279 epatu
1408 4191 1450 4262 llll

281 4301 536 4354 consummataest.
586 4353 595 4364 ,

369 4381 423 4459 18)
442 4380 508 4442 Nun
523 4398 542 4442 a
557 4374 650 4441 virilis
666 4386 776 4440 tantum
794 4377 898 4443 aetatis
914 4377 1093 4459 hominibus,
1112 4381 1165 4442 sed
1182 4379 1267 4442 etiarn
1279 4366 1415 4458 juvenitur
1426 4370 1449 4416 at
