3067 5075
551 285 588 351 de
607 243 841 351 '1¹rstlitcribus.⁴
1231 282 1296 349 82⁹

80 471 189 537 aaran.
208 464 323 524 sisara
350 469 376 523 st
399 461 499 524 edecta
521 486 551 544 p.
569 464 643 525 ³94.
669 463 698 548 5.
714 463 768 538 ia).
804 460 941 525 Omnium
968 456 1032 524 lere
1061 459 1297 537 luculentissime

80 571 157 612 suant
175 545 344 611 declaravit
367 552 541 613 sententiam
567 550 599 613 S.
621 550 766 633 Eupliusz
794 547 845 612 ille
870 550 945 612 enirn
963 570 1022 611 nou
1046 553 1130 612 uodo
1150 549 1297 614 liberrime

80 638 232 720 professus
252 647 309 715 est,
329 657 362 700 se
378 638 533 718 evangelis
550 642 585 701 ad
601 639 730 720 jadicem
748 642 930 718 deportasse,
948 639 1002 699 ssd
1020 638 1104 703 etiarn
1125 636 1295 729 Caluisiano

79 725 291 806 interroganti:
314 747 400 807 poure
416 730 493 807 apud
511 738 537 788 te
558 730 681 789 intristi
702 737 729 789 et
745 748 802 789 aaa
826 729 968 789 tradidisti
986 728 1201 804 bos-lectiones,
1225 749 1296 808 qaus

25 860 26 863 η
79 823 259 895 tipasam
287 814 451 876 octaaaatl
478 814 650 896 respondit:
681 821 747 895 poia
767 817 943 877 Gbristiaaus
969 836 1031 875 ram
1058 824 1083 875 st
1107 817 1217 878 tradere
1239 837 1296 877 soa

80 905 183 980 liesiot3
202 908 352 983 mapispae
367 904 477 982 sapsdit
493 913 573 980 ascri,
593 904 879 983 qaam·truders.,1a
896 905 940 964 itis
956 908 1013 964 cito
1029 913 1141 964 aeterno
1156 912 1206 965 est.
1241 907 1296 980 Qui

80 993 167 1065 roda,
183 996 276 1051 odam
292 1000 434 1052 semaam
448 993 546 1070 perdit.
572 995 610 1052 Ut
625 1012 685 1052 sons
702 1013 757 1053 aaa
774 991 899 1070 perdam,
916 996 1002 1052 sitam
1019 1012 1107 1051 areana
1124 993 1168 1052 do.
1205 991 1295 1052 ltnmo
1313 986 1331 997 ’

57 1129 60 1133 .
81 1088 104 1138 et
118 1079 254 1157 adpensa
274 1080 309 1149 acl
327 1078 393 1158 ejas
409 1076 517 1139 collant
534 1079 707 1157 euangelio,
727 1099 792 1139 eura
810 1098 867 1156 quo
882 1078 1084 1158 apprehensus
1099 1077 1212 1152 luerat,
1230 1087 1297 1159 post

80 1177 230 1245 superatos
251 1165 367 1226 fortiter
391 1165 520 1247 martyrii
541 1167 691 1228 eruciatus
716 1165 879 1246 tripudians
904 1166 987 1246 quasi
1008 1175 1037 1227 et
1056 1166 1208 1228 exsultans
1227 1185 1295 1228 esr-

79 1253 164 1317 rireat
182 1253 267 1314 ferro
288 1253 444 1334 praebuit„
468 1253 541 1315 Com
558 1254 650 1334 igitur
666 1266 722 1325 tarn
739 1253 837 1314 nobile
856 1252 969 1315 initiunt
988 1255 1139 1315 dedissent
1155 1265 1296 1336 martyres

80 1340 117 1400 illi
141 1341 321 1402 defendendi
346 1342 465 1402 codices
485 1341 636 1424 librosque
660 1362 780 1417 sacros,
803 1362 870 1402 mox
898 1338 1041 1402 laudabili
1059 1341 1125 1402 zelo
1144 1341 1226 1423 ipsos
1244 1339 1293 1407 alil

80 1439 143 1488 sunt
158 1427 277 1504 imitati,
295 1429 343 1509 qui
360 1432 561 1491 conservando
573 1450 625 1491 eos
640 1441 668 1491 et
679 1450 731 1511 pro
743 1429 817 1510 ipsis
831 1430 1006 1507 sauguinem
1020 1447 1105 1490 suunt
1118 1428 1295 1491 effundendo

80 1514 186 1578 lortitsr
201 1516 294 1577 vitam
312 1516 423 1578 liniens.
451 1517 594 1580 Nolumus
611 1538 679 1579 vero
696 1517 743 1578 bic
759 1517 846 1598 plara
861 1519 979 1592 addere,
996 1528 1047 1577 aot
1063 1538 1101 1578 an
1118 1525 1196 1579 reete
1211 1514 1295 1579 lore-

78 1602 141 1678 'rint,
161 1604 210 1685 qui
232 1603 319 1677 mori,
339 1625 425 1685 quatu
442 1607 558 1668 tradere
575 1604 747 1679 maluerunt,
773 1604 873 1665 raoltis
889 1604 938 1665 hic
955 1604 1137 1683 disquirere,
1157 1626 1222 1666 curn
1240 1607 1295 1667 lsoc

81 1690 168 1771 ipsura
186 1692 287 1772 potius
305 1692 511 1754 excutiendam
524 1694 571 1767 sit,
587 1696 705 1775 quando
721 1695 756 1754 de
767 1692 832 1773 ipso
846 1692 1012 1757 traditionis
1027 1691 1148 1773 crimine
1161 1713 1295 1772 agemus.

160 1779 218 1860 30)
241 1779 279 1842 Ut
296 1780 373 1841 eninr
389 1779 420 1841 hi
437 1780 494 1861 ipsi
512 1780 678 1843 adfectasse
694 1780 824 1861 martyrii
838 1780 962 1859 gloriam
978 1779 1139 1842 rectissime
1154 1781 1294 1843 censendi

83 1874 153 1944 sunt,
164 1880 199 1928 et
215 1864 264 1931 sel
283 1867 322 1928 ob
340 1869 415 1930 lianc
433 1867 574 1937 rationem
587 1889 651 1951 *noa
668 1867 818 1945 laudandi,
837 1867 878 1930 ita
895 1867 1052 1934 maximnm
1070 1868 1138 1930 inde
1154 1869 1295 1932 subnasci

83 1948 145 2013 aliis
174 1976 295 2037 qunque
315 1957 451 2017 clamnurn
475 1956 569 2036 potuit
592 1967 620 2019 st
644 1956 796 2017 innumera
823 1955 898 2017 mala
923 1955 1062 2018 suboriri.
1095 1955 1161 2032 Quo
1185 1956 1295 2021 lactan

83 2040 233 2120 erinacei,
252 2054 286 2103 ut
301 2040 623 2120 MensuriusCarthag.
641 2042 732 2123 episc.
749 2043 779 2103 in
797 2063 852 2104 sua
868 2045 904 2103 acl
916 2041 1085 2104 Secundum
1103 2043 1296 2123 spieuTiai-

81 2124 198 2190 sitanurn
216 2130 346 2211 epistola
363 2151 425 2207 eos,
445 2131 493 2212 qui
513 2151 546 2194 se
566 2131 691 2193 offerent
709 2130 976 2211 persecutionibus,
1002 2151 1059 2191 non
1080 2131 1295 2210 comprehensi,

80 2216 190 2278 etultro
207 2218 355 2295 dicerent,
368 2239 407 2281 se
422 2216 532 2281 hecbere
549 2219 721 2301 scripturas,
737 2238 814 2299 quas
832 2235 889 2279 uon
906 2220 1062 2294 traderent,
1080 2239 1097 2279 a
1114 2219 1222 2300 quibas
1238 2220 1296 2281 hoc

80 2322 156 2364 nemo
179 2305 370 2388 quaesierat,
400 2306 556 2387 displicere
580 2307 636 2369 sibi
662 2306 845 2387 adfirmaret,
880 2309 963 2368 stab
989 2306 1032 2368 eis
1058 2306 1237 2379 ltnnorandis
1262 2329 1295 2370 ss

81 2387 263 2456 Christianos
281 2393 465 2474 prohibuisse
482 2397 541 2477 (acl.
559 2396 756 2476 Augustiana
774 2394 803 2455 in
817 2401 924 2458 Brevis.
941 2416 964 2457 c.
981 2396 1053 2472 lia).
1085 2393 1186 2455 Noluit
1202 2395 1296 2475 igitar

81 2475 253 2546 Mensarius
271 2482 442 2545 temerarios
461 2483 603 2566 ejusmodi
622 2483 754 2546 homines
772 2481 899 2546 nonnisi
919 2502 992 2545 suae
1010 2481 1155 2562 gloriolae
1173 2483 1295 2563 cupidos

83 2567 139 2645 pari
158 2590 222 2632 enan
245 2572 423 2649 martyribus
442 2571 508 2640 loco
528 2572 629 2635 baberi
647 2574 768 2653 parique
786 2572 898 2633 bonore
918 2570 1014 2646 allici,
1034 2572 1083 2651 qni
1104 2572 1188 2633 ritant
1207 2574 1295 2633 dese·

85 2673 158 2730 rere,
177 2659 228 2721 abi
250 2658 369 2721 rninirne
390 2680 465 2741 opus
481 2671 544 2723 erat
563 2670 591 2723 et
607 2659 673 2723 fidei
694 2659 777 2721 nulla
797 2661 976 2741 poscebatur
995 2658 1146 2721 confessio
1164 2661 1294 2741 publica,
1322 2697 1325 2702 ·

85 2741 151 2805 nulli
167 2746 351 2811 dubitabant.
