3067 5075
432 218 470 281 de
486 233 649 299 rgepenrn
664 177 951 301 toute-eperunt&
1228 223 1292 291 lid

77 377 152 463 soie
166 387 396 468 ποιμαίνοντες.
421 395 518 467 Quere.
528 393 700 472 probublliec
712 412 782 465 ιιιι,
797 393 849 455 tn
862 395 1022 472 perberim
1034 395 1198 457 retum
1208 401 1294 474 ipe-

76 488 130 557 ter,
146 480 201 543 cub
215 481 312 555 fermo
326 478 450 554 pestere
465 485 711 559 circumvagantes,
734 491 815 561 utque
830 482 890 543 illie
903 500 1011 542 ιννονιι
1022 500 1091 543 ενοι
1103 482 1294 557 ulminea-

76 577 125 639 ter,
145 569 229 648 idque
244 588 276 629 ιο
290 568 445 641 ονδοιὶοι,’
459 589 513 648 pue
527 573 638 647 ipsium
652 573 810 646 ίοωιὶονοι.
845 567 879 628 ln
895 577 1010 647 preertu
1026 565 1113 629 uoltis
1128 580 1191 645 est,
1215 573 1293 651 quud

77 655 300 736 respondemus.
333 653 466 721 Primum.
480 654 616 717 contendi
640 655 727 718 debet
750 675 817 717 euru
841 653 898 714 boc
913 654 1006 716 Judue
1028 653 1095 717 loco
1110 655 1187 721 elius
1201 656 1292 735 Petri,

77 763 161 824 quern
178 752 209 804 et
224 741 289 824 ipsc
304 741 505 822 Ligbtiootius
523 742 564 805 eit
579 741 657 824 loqui
675 742 769 809 ultore
785 741 912 824 epistole
927 743 963 803 de
978 741 1043 805 istis
1057 743 1175 825 agapis,
1192 754 1293 811 retu

75 850 237 911 suppresso
254 850 353 891 eurum
378 830 513 906 neruine,
531 832 615 912 qued
631 829 724 893 ludus
747 828 934 911 expresserit.
976 829 1070 909 lgitur
1087 843 1210 912 utreque
1225 831 1303 897 loee'

75 917 252 980 mentionem
269 916 402 979 ridcrnus
420 916 530 980 nullutn
547 918 609 979 lieri
627 916 908 996 eireururuguotinun
924 917 1131 996 seductorum,
1156 920 1199 999 rel
1214 943 1293 1003 npe-

76 1014 218 1075 suumn
241 1004 512 1086 peregrinantium
535 1008 588 1067 sed
606 1003 657 1067 illo
673 1005 752 1067 Petri
770 1005 890 1067 disertis
904 1003 1002 1067 uerbis
1018 1006 1168 1069 dectorurn
1186 1019 1214 1070 et
1236 1031 1291 1090 pu·

76 1104 187 1155 storum
214 1092 379 1170 eeclesiae,
405 1094 454 1174 qui
477 1093 569 1174 spurii
596 1092 672 1170 sint,
697 1103 725 1154 et
748 1091 804 1155 iste
822 1092 940 1154 nomine
961 1113 997 1155 ec
1022 1114 1142 1156 nucero
1165 1095 1293 1177 indigni,

75 1180 156 1259 Quos
173 1180 219 1242 eit
237 1180 401 1245 exoriturae
418 1201 486 1243 esse
502 1184 627 1257 demum,
644 1181 769 1261 suisque
787 1179 945 1256 coloribus,
969 1190 1000 1241 ut
1015 1182 1138 1261 npuosei
1155 1188 1293 1263 quendu-

75 1290 129 1349 que
145 1278 288 1350 possent,
312 1268 354 1347 itu
377 1268 526 1348 depingit,
551 1268 636 1349 quusi
658 1268 720 1349 jum
743 1279 803 1329 tuor
826 1276 998 1347 praesentes
1015 1269 1163 1333 siluerint.
1199 1273 1293 1337 tntu

75 1356 158 1418 Petro
177 1355 301 1437 scripsit
316 1355 430 1430 serius,
455 1356 522 1437 qui,
547 1356 606 1436 joun
622 1347 858 1434 naperce'dvnnr,
882 1353 993 1435 iuquit,
1016 1346 1185 1437 &reponet
1199 1346 1303 1437 resep,¹

75 1466 146 1525 ques
163 1444 243 1525 ipsis
260 1441 328 1521 illis,
354 1443 462 1525 quibus
480 1463 568 1505 usum
586 1440 805 1507 ridemus'esse
821 1441 950 1521 Petrum,
973 1438 1122 1505 coloribus
1139 1445 1292 1526 describit,

77 1544 105 1594 ut
119 1550 249 1593 neeesse
267 1531 306 1593 sit
322 1534 439 1595 eesdetu
456 1518 761 1611 ψευδοδιδασκόλοος
780 1548 864 1605 esse,
889 1530 939 1611 qul
954 1540 1023 1591 suut
1039 1550 1058 1592 rt
1072 1531 1158 1594 Petro
1174 1554 1294 1615 crpore*

74 1617 253 1701 ppuppe'rer.
291 1618 448 1696 Conferet,
472 1617 521 1699 qui
538 1618 689 1681 studiosus
704 1629 765 1696 cst,
789 1615 945 1698 epistolum
959 1617 1053 1680 ludeo
1067 1639 1087 1679 u
1103 1639 1190 1684 cusu
1205 1621 1235 1683 3.
1253 1625 1291 1684 nd

75 1727 175 1788 usque.
190 1707 239 1768 lb.
263 1727 329 1770 curn
354 1704 447 1769 ultern
464 1701 542 1768 Petri
565 1716 623 1768 toto
648 1705 739 1767 serore
763 1705 858 1785 cupite
881 1707 1029 1780 secundo,
1053 1717 1082 1768 ct
1103 1707 1292 1788 exclamabit,

74 1794 177 1856 ludum
197 1791 314 1856 coleres
331 1793 398 1865 illos
416 1815 434 1857 ο
450 1794 536 1854 Petro
554 1803 714 1855 mutuatum
731 1792 832 1855 rideri.
869 1794 955 1871 Quod
974 1791 1020 1853 ltic
1037 1816 1072 1856 eo
1089 1815 1147 1859 uon
1163 1795 1292 1862 sueinus

74 1880 138 1962 ipsi,
163 1882 237 1963 quio
253 1879 340 1943 nimis
356 1880 544 1944 ambitiosum
561 1880 637 1945 ieret
652 1877 833 1942 elienoloce
850 1879 1008 1962 prepositis
1026 1881 1178 1963 utriusque
1193 1886 1292 1948 rerbis

31 2004 35 2007 ·
77 1970 253 2031 ceinterse
271 1990 452 2050 comparere.
482 1967 844 2048 NuneutLigbtloetiuuu
861 1967 1036 2049 suisipsius
1054 1969 1150 2033 serbis
1167 1970 1290 2035 relellu-

74 2077 158 2135 nus,
185 2056 207 2119 i.
223 2078 268 2131 e.,
292 2057 322 2127 in
345 2079 380 2121 ee
404 2055 566 2122 rel'ellcudo
582 2076 665 2119 εοοοι
687 2054 828 2117 cretionis
845 2053 1020 2136 elegantiore
1039 2067 1178 2138 querutum
1196 2069 1293 2139 potest

74 2142 231 2225 innitemur,
252 2142 305 2208 ille
321 2163 428 2207 sensus
445 2147 481 2206 de
496 2139 602 2225 upupis
619 2142 758 2224 congruit
773 2142 880 2224 optime
898 2164 968 2224 pree
984 2144 1122 2207 omnibus
1137 2145 1205 2208 aliis
1223 2170 1294 2211 cun
1355 2196 1363 2216 ,

75 2228 137 2294 leco
154 2234 281 2295 Judeer
298 2234 373 2296 Num
390 2223 716 2311 ψευδοδιδοσνάλοος,
740 2234 776 2293 ue
792 2231 900 2312 quibus
915 2231 1024 2295 Petrus
1038 2231 1070 2293 iu
1087 2233 1236 2312 terminis,
1261 2247 1292 2298 et

74 2320 163 2383 ludes
184 2318 253 2382 lieet
269 2319 375 2383 nonin
392 2318 532 2398 terminis,
549 2319 709 2403 utopinnr,
728 2339 820 2382 conse
834 2318 917 2383 nullu
931 2329 984 2395 est,
1003 2319 1073 2401 quin
1090 2320 1292 2399 Ligbtleutins

76 2411 190 2490 ubsque
206 2405 271 2469 ulle
286 2409 426 2489 scrupulo
443 2410 481 2470 ed
503 2427 617 2488 rgupes
633 2406 818 2469 admissurus
834 2407 892 2484 sit,
916 2406 1023 2489 quippe
1041 2427 1116 2489 quos
1134 2416 1290 2477 ex‘endern

75 2496 204 2559 ecclesie
227 2496 410 2560 concesserit
428 2516 494 2560 esse
514 2514 612 2577 posse.
651 2493 799 2558 Dicuntur
821 2515 841 2557 u
863 2494 950 2562 Petro
973 2489 1080 2559 nullm
1103 2493 1156 2558 eui
1178 2492 1292 2577 μῶμοι,

75 2605 146 2665 quos
170 2583 348 2666 interpretor
364 2605 422 2666 ego
440 2583 571 2648 mucules
588 2593 628 2645 etv
640 2584 748 2664 probru
766 2582 856 2645 totius
875 2581 1029 2648 ecelesiae.
1067 2584 1154 2662 Quod
1178 2586 1233 2648 nisi
1252 2590 1289 2650 de

74 2670 161 2735 lnlsis
180 2671 366 2747 doctoribus,
392 2671 441 2753 qui
459 2672 553 2734 loeurn
570 2670 600 2732 in
616 2671 722 2752 agapis
738 2670 912 2748 habuerint,
937 2670 1072 2753 equidem
1088 2692 1147 2734 nou
1162 2673 1291 2736 erbitror

75 2744 129 2821 ciii
149 2780 250 2842 posse.
285 2762 360 2823 Nono
379 2760 446 2840 quis
462 2757 607 2832 eeclesiae
625 2762 791 2838 opprobret,
817 2761 904 2841 qued,
929 2780 995 2822 eun
1013 2770 1098 2822 nctus
1114 2761 1289 2844 ignotosque

75 2868 176 2910 onnes
193 2846 322 2930 bospitio
338 2847 498 2910 liberaliter
515 2845 650 2928 occipiat,
666 2845 742 2907 inter
758 2867 809 2909 eos
827 2846 971 2930 receperit
985 2848 1021 2909 etl
1040 2860 1154 2928 ternpus
1169 2847 1291 2931 aliquod

75 2935 170 2998 nelos
187 2934 292 3013 etium,
316 2951 391 3018 quos
406 2956 425 2996 a
442 2935 528 2998 bouis
542 2934 608 3015 ipsu
624 2932 806 3012 distinguere
824 2954 882 2998 uon
908 2935 1046 3014 poterell
1083 2935 1121 2997 Et
1144 2937 1290 3015 mesdeo,

75 3044 148 3103 pune
166 3024 281 3085 tendent
301 3022 417 3104 penitus
433 3022 561 3085 insident
576 3033 663 3102 etque
679 3019 858 3100 inreteruot,
885 3021 935 3083 ubi
952 3030 1111 3102 conceptae
1127 3033 1205 3100 sunt,
1228 3045 1292 3086 non

75 3121 159 3171 erunt
176 3109 312 3173 ecelesiis
329 3108 374 3171 illi
397 3104 553 3190 τολμηταί
571 3107 705 3191 quumvis
731 3119 759 3171 et
785 3098 944 3180 αὐθάδεις
961 3108 1110 3191 hospites,
1136 3109 1185 3191 qui
1210 3105 1287 3174 rucei
1346 3131 1351 3148 ·

74 3187 212 3278 πάροδον
227 3195 452 3274 ἐπιφοιτῶντες
467 3199 568 3259 cedern
587 3196 644 3259 loci
661 3217 719 3257 non
736 3195 862 3277 emplius
875 3215 935 3260 une
947 3207 977 3259 et
992 3196 1059 3259 itern
1076 3198 1169 3261 ultore
1186 3218 1290 3264 meuse

75 3287 235 3349 restabunt.
274 3285 312 3347 bt
327 3284 395 3349 fulsi
414 3286 564 3362 doctores,
588 3286 830 3365 pueotnrlrnodutu
845 3284 991 3362 diximus,
1016 3293 1044 3346 et
1060 3285 1193 3350 rueeulee
1209 3296 1288 3366 sunt,

76 3371 142 3453 quin
158 3378 300 3453 perpetuo
316 3383 454 3450 manent,
472 3370 530 3435 nisi
547 3370 716 3450 deleantur,
743 3383 771 3434 et
787 3375 896 3454 probru
912 3373 1071 3452 ecelesiae,
1096 3395 1172 3456 quoe
1188 3373 1289 3439 scelus

76 3479 184 3537 eoruur,
210 3460 236 3536 si
252 3462 443 3539 attendisset,
466 3459 569 3541 punire
587 3470 709 3540 poteret.
748 3460 808 3522 Sed
826 3481 920 3542 neque
938 3460 1005 3538 boe,
1028 3459 1062 3522 'ut
1077 3480 1135 3541 ego
1151 3462 1288 3540 arbitror,
1371 3513 1375 3529 .

36 3569 41 3573 ·
75 3556 142 3626 epte
157 3547 424 3630 convenienterque
441 3546 472 3608 in
489 3569 540 3611 eos
556 3547 614 3610 dici
630 3558 737 3628 potest,
758 3546 814 3609 nisi
831 3569 869 3609 cx
885 3550 985 3615 eurleut
1004 3545 1139 3625 ecclesie,
1163 3550 1218 3629 boe
1232 3562 1288 3627 est,

73 3631 164 3697 unius
180 3648 206 3697 et
223 3644 322 3699 cerlne
339 3646 471 3718 pastores
489 3634 643 3711 ecelesiae,
658 3634 779 3704 inerint.
806 3635 851 3696 vEt
868 3645 900 3697 ut
916 3634 1066 3715 intelliges
1082 3637 1220 3700 docteres
1233 3656 1289 3698 ve-

75 3723 229 3802 gebundes
247 3721 317 3786 illos
334 3737 362 3786 et
379 3722 537 3803 erraticos,
560 3722 631 3785 nibil
650 3722 743 3799 enirn,
763 3720 793 3800 si
811 3721 877 3803 quis
894 3721 936 3785 itu
951 3725 1126 3801 contendet,
1151 3723 1287 3806 impedio,

75 3816 171 3871 ίειοεο
187 3809 233 3874 Ιιίε
249 3833 365 3894 οοοοοε
382 3808 466 3873 loeus
482 3821 528 3874 est
543 3810 573 3873 in
590 3810 696 3891 upupis
707 3809 917 3891 assignandus.
940 3811 1093 3894 Numquis
1105 3811 1288 3876 indedoeto-

75 3917 137 3959 renr
162 3897 338 3977 excluserit,
363 3918 421 3982 quo
445 3898 586 3978 recipitur
609 3895 671 3968 πᾶς
694 3919 742 3969 τις
767 3894 830 3959 τῶν
857 3896 977 3961 πιστῶν
1004 3894 1128 3976 inluuie,
1161 3901 1227 3964 Non
1258 3902 1286 3963 id

75 3983 173 4072 fecere
189 3985 360 4064 Christiani,
385 4004 461 4068 ques
478 3986 583 4049 Petrus
602 3996 631 4048 ct
645 3987 737 4049 ludes
756 3984 937 4068 alloquitur,
962 4008 999 4049 ne
1017 3997 1077 4054 tute
1093 3987 1212 4067 leceris,
1236 3990 1289 4071 qui

76 4092 177 4153 speres
192 4074 253 4135 illis
278 4094 347 4137 esse
370 4073 550 4155 prudentior.
588 4074 661 4158 Num
678 4074 886 4138 deseribuntur
903 4075 941 4136 eb
967 4085 1089 4157 utroque
1105 4074 1239 4158 apostolo
1258 4074 1289 4138 nt

76 4151 355 4238 ψευδοδιδάσκαλοι
369 4155 638 4243 συνευωχούμενοι
652 4166 719 4233 τοῖς
734 4147 883 4233 σίστοις.Ι
901 4162 955 4225 Est
971 4162 1050 4226 eninr
1066 4163 1198 4245 propius,
1213 4172 1245 4225 ut
1260 4172 1289 4228 el

76 4249 154 4326 apud
167 4249 270 4312 ludent
287 4249 404 4331 legetur
418 4238 684 4331 συνευωχούμενοι
703 4243 791 4327 ὑμῖν,
817 4260 849 4311 ut
866 4237 973 4331 optime
988 4249 1204 4332 Stepbunorutu
1221 4249 1287 4313 edi-

75 4330 170 4397 tiones
185 4336 335 4400 exhibent.
360 4338 420 4400 ·An
437 4356 506 4401 uere
523 4346 610 4416 putus
627 4357 728 4399 omnes
746 4335 878 4418 ejusdcm
894 4337 1039 4401 ecclesius
1055 4337 1242 4403 Christianus
1253 4337 1301 4426 in·

74 4424 267 4490 xenodochiis
284 4424 431 4510 ordinarie
447 4432 587 4490 coenatus
604 4445 690 4506 esse,
714 4424 890 4508 quibuscum
906 4424 950 4492 illi
967 4422 1074 4508 epulus
1089 4423 1164 4489 inire
1180 4426 1299 4490 dicun.
