3067 5075
305 266 342 325 du
357 261 454 327 sacris
464 259 596 344 punitur
613 259 774 325 taberolos.
789 249 846 327 ret.
861 257 994 325 studiose
1009 261 1109 328 cultis.
1290 253 1312 320 b

84 431 276 496 christianis
293 433 446 516 Aegyptiis
464 433 581 497 condita
596 433 689 497 iulsse
706 454 792 497 sacra
807 435 927 516 publica
943 435 973 495 in
991 433 1065 496 eleis
1080 442 1111 495 et
1126 432 1224 514 pagis.
1245 433 1312 495 Eu-

86 522 211 597 sobiuS‚
235 524 271 583 dc
289 522 420 600 Silvano,
439 522 539 585 Gazae
554 521 701 603 episcopo,
725 523 775 602 qui
792 522 823 582 in
839 521 1043 602 persecutione
1058 517 1243 582 Diocletiana
1258 537 1312 581 ca-

85 608 154 690 pite
172 607 278 689 plexus
297 613 351 687 cst,
375 609 509 690 loquens,
526 619 676 690 nuncupat
693 625 758 670 enm
776 607 947 670 ἐπίσκοπον
962 606 1026 669 τῶν
1041 603 1118 685 ἀμφὶ
1133 597 1194 685 sip
1208 600 1313 675 Γάζαν

82 689 268 781 =dserrlqnloro
279 695 323 772 *),
348 704 376 757 ct
391 696 576 778 Epiphanius
600 696 773 758 mentionem
793 696 865 757 facit
879 696 1116 777 presbyterorum
1131 692 1312 769 Diodoridis‚

44 819 47 828 ·
86 782 168 860 pagi
184 781 383 843 inconcussis
396 783 637 866 Mesopotamiae,
654 784 703 864 qui
721 783 762 844 iul
776 801 860 844 saec.
873 783 923 844 lll.
938 801 986 845 res
1003 799 1107 844 saeros
1123 779 1313 841 administra·

87 867 262 944 verint**);
285 872 364 930 unde
380 868 564 949 intelligitur,
580 870 764 932 Palaestinos
781 889 898 950 quoquc
914 868 1106 947 Christianos,
1130 870 1168 928 ab
1186 865 1313 946 oppidis,

87 954 310 1035 episcopalium
328 954 520 1017 ecelesiarum
539 955 671 1030 sedibus,
687 955 811 1033 alienos,
833 973 920 1017 sacra
935 955 1098 1036 peculiaria
1114 953 1313 1015 desiderasse.

88 1040 270 1121 Pariterquo
293 1045 378 1104 docet
401 1061 496 1104 canon
512 1043 649 1107 uxxtlt
673 1043 793 1104 concilii
808 1041 1057 1124 lliberitanim),
1082 1039 1172 1102 babiti
1195 1059 1224 1102 a.
1247 1037 1311 1100 aad

87 1131 152 1188 sub
163 1128 366 1191 Diocletianae
383 1129 595 1211 persecutionis
606 1127 707 1209 initiis,
724 1131 857 1208 conditas
872 1130 970 1192 inisse
986 1129 1017 1189 in
1028 1127 1175 1209 Hispania
1186 1134 1312 1188 exeunte

88 1214 218 1276 saeculo
243 1216 327 1276 tertio
353 1227 382 1278 ct
405 1218 526 1278 ineunte
551 1218 671 1277 saeculo
695 1226 798 1297 quarto
823 1216 965 1278 eeclesias
991 1211 1167 1277 rusticanas.
1207 1213 1311 1293 Neque

91 1301 283 1363 Christianos
300 1303 450 1383 Syriacos,
473 1302 507 1362 in
523 1302 597 1363 risis
614 1312 643 1362 et
658 1303 745 1382 pagis
761 1305 913 1382 degentes,
931 1303 1027 1364 sacris
1043 1294 1243 1383 peculiaribus
1258 1319 1313 1361 ca·

89 1386 205 1464 ruisse,
230 1399 349 1469 apparet
365 1409 404 1450 ex
420 1387 547 1474 epistola
562 1389 677 1469 synodi,
704 1405 781 1468 qnae
797 1390 969 1451 Antioohiae
985 1389 1017 1450 ln
1040 1403 1132 1450 eausa
1147 1385 1234 1448 Pauli
1251 1386 1312 1447 Sa·

89 1474 238 1535 mosateni
254 1495 288 1537 a„
299 1474 363 1537 270
379 1474 479 1536 babila
496 1483 555 1552 est,
579 1474 629 1535 ubi
647 1474 788 1555 Episcopi
804 1472 867 1535 sois
882 1471 1002 1556 dpopoio
1018 1467 1119 1554 ἀγρῶν
1132 1491 1312 1535 commemo·

89 1559 253 1649 rantnr†).
288 1562 432 1642 Quodque
449 1563 592 1623 hactenus
610 1563 840 1623 demonstmtum
855 1561 904 1638 iri,
923 1581 957 1622 oo
974 1557 1163 1622 confirmatur
1179 1559 1313 1639 egregie,

90 1645 173 1727 quod
199 1656 309 1725 aetate,
335 1650 370 1747 de
387 1667 444 1729 qua
460 1647 580 1729 loquor,
604 1647 642 1709 ael
658 1647 744 1709 finem
762 1655 903 1728 vergente
929 1647 1215 1727 onoreptsoopnmn·
1229 1644 1312 1727 (ent.

91 1741 222 1793 σκόπων
239 1732 296 1812 τῆς
312 1751 419 1815 χωρας,
435 1734 639 1816 episcoporum
656 1736 749 1809 ruris)
766 1734 889 1815 saepius
905 1731 1012 1796 montio
1027 1731 1235 1810 iniioitur††),
1251 1731 1312 1811 qui,
1396 1760 1410 1806 4

91 1822 172 1898 quod
190 1819 286 1899 ipsum
305 1830 420 1902 etymon
436 1822 518 1884 serbi
540 1822 650 1897 innuit,
674 1821 748 1883 socii
774 1842 841 1883 esse
858 1823 1005 1882 dehebant
1021 1830 1049 1882 et
1071 1820 1219 1881 adiutores
1244 1818 1312 1897 epi-

91 1926 262 1985 scoporum,
279 1907 310 1967 in
322 1928 418 1969 renum
435 1911 470 1969 ad
488 1909 655 1970 rusticanas
669 1907 812 1970 ecclesias
829 1908 1033 1988 pertinentium
1051 1906 1312 1970 administratione.

89 1995 129 2052 At
146 2011 206 2053 non
224 1996 308 2054 ruodo
325 1996 375 2073 qui
392 1995 462 2070 rori,
477 2013 577 2056 verum
596 1995 681 2056 etiam
695 1995 745 2074 qui
761 1995 793 2054 in
811 1995 936 2075 oppidis,
953 1996 1010 2055 late
1023 1993 1200 2073 patentibus,
1216 1995 1311 2070 dege-

8 2085 10 2092 ’
87 2081 165 2139 bant
181 2078 358 2156 Christiani,
381 2079 500 2160 saepius
518 2081 638 2142 carituri
653 2081 782 2142 fuissent
797 2099 949 2142 sacrorum
966 2079 1179 2154 communione,
1201 2077 1228 2138 si
1245 2097 1311 2138 om·

30 2181 34 2187 ·
93 2185 159 2242 nes,
176 2181 264 2227 sacra
280 2167 396 2243 facturi,
413 2167 448 2227 ‘in
467 2188 525 2228 uno
542 2170 700 2247 codemque
716 2163 784 2227 loco
801 2167 973 2229 debuissent
988 2164 1177 2244 congregari.
1211 2163 1312 2239 Quare

8 2329 10 2332 v
90 2253 273 2332 per-oppida
289 2253 503 2333 frequentiora,
527 2254 704 2335 simulatque
727 2253 865 2315 laetiores
883 2254 980 2315 factae
998 2262 1082 2314 eraut
1098 2271 1147 2312 res
1166 2248 1312 2311 Christia-

92 2351 207 2416 norum,
226 2337 325 2418 plnres
343 2337 488 2402 ecclesiae
504 2341 637 2402 conditae
654 2350 731 2412 suut,
749 2349 778 2401 ot
790 2341 903 2402 Romae
919 2338 1089 2400 nominatim
1104 2345 1172 2398 ante
1188 2335 1311 2398 Diocle·

90 2424 192 2484 tianae
215 2425 430 2504 persecutionis
454 2436 583 2508 tempora
606 2426 801 2508 quadraginta
826 2426 967 2488 basilicas
993 2434 1106 2487 erectas
1127 2423 1242 2499 fuisse,
1273 2442 1312 2484 cx
1393 2480 1398 2488 .

92 2509 201 2591 Optato
219 2510 359 2573 discimus
368 2513 456 2592 †††).
495 2514 579 2590 Quae
597 2515 713 2595 quidem
730 2529 818 2575 sacra
839 2525 870 2575 ut
888 2513 941 2576 rito
963 2522 1082 2593 possent
1103 2509 1311 2586 administrari,

94 2599 285 2662 conducenda
302 2610 385 2660 erant
400 2599 554 2676 auditoria,
571 2603 747 2663 exstruenda
762 2600 906 2679 aedificia,
934 2598 1031 2662 alendi
1049 2603 1182 2660 doctores
1200 2596 1313 2678 publici

92 2684 221 2764 ideoque
239 2694 353 2747 sumtus
370 2687 511 2765 erogandi
535 2688 612 2748 baud
631 2687 732 2766 exigui
743 2709 751 2764 3
778 2688 827 2767 qni
849 2688 952 2767 quom,
977 2684 1060 2747 nullo
1077 2682 1197 2746 iubente
1213 2681 1312 2760 magi-

95 2780 198 2847 stratu,
215 2779 319 2852 sponte
335 2772 513 2854 suppeditati
529 2774 672 2836 luerinta
689 2772 935 2854 Glrristiauis†*),
952 2775 1026 2836 iaec
1041 2774 1106 2855 ipsa
1122 2791 1195 2834 cura
1210 2789 1312 2866 cmm

94 2930 322 2946 ss-u———na

163 3019 191 3091 ¹³)
210 3037 236 3076 v.
256 3023 287 3074 ll.
305 3024 338 3076 E.
358 3018 389 3075 L.
409 3021 479 3075 Vlll.
499 3037 558 3089 cup.
579 3022 620 3073 13.

163 3102 210 3173 *ll
229 3124 255 3159 v.
275 3110 348 3165 haer.
370 3109 401 3159 L.
421 3106 507 3161 XVll.
528 3107 570 3163 12.
592 3106 635 3159 11.

96 3208 100 3215 ·
163 3188 223 3258 m)
237 3192 325 3244 Verbo
338 3195 443 3244 cunonis
459 3196 523 3244 baec
539 3200 615 3246 suot:
638 3191 688 3257 „Si
707 3193 763 3258 quis
783 3192 917 3257 diuoonus,
938 3207 1034 3257 regente
1050 3160 1151 3259 plebem
1167 3192 1224 3243 aare
1240 3193 1313 3259 epis-

96 3277 156 3325 eopo
175 3269 199 3308 et
215 3263 379 3328 presbytero,
402 3263 502 3327 aliquos
520 3261 710 3327 baptizaverit,
730 3262 866 3328 episcopus
885 3278 929 3312 cos
947 3278 994 3328 per
1010 3262 1216 3313 benedictionem
1236 3263 1313 3329 perli-

10 3380 11 3385 ,
97 3344 154 3378 cero
176 3326 313 3380 debebit.“
349 3329 489 3380 Admodum
512 3327 646 3396 probabile
667 3335 721 3394 est,
744 3346 820 3394 quum
840 3330 883 3380 vol
900 3331 926 3380 in
947 3330 1093 3398 municipiis
1114 3331 1311 3394 ignobilioribus

97 3397 230 3462 eplscopos
250 3397 404 3447 'constitutos
430 3397 509 3448 fuisso
532 3398 695 3458 noverimus,
721 3412 863 3448 sermonem
882 3399 923 3448 blo
944 3412 1001 3448 csse
1027 3400 1058 3449 de
1076 3399 1208 3462 diaconis,
1235 3413 1311 3450 socru

96 3464 265 3584 qomlesiarqrqr
285 3466 474 3516 rusticanarum
494 3466 745 3517 administrantibus.
773 3466 814 3517 Cf.
834 3478 917 3517 canon
935 3465 998 3517 XX.
1021 3480 1095 3518 conc.
1114 3465 1245 3532 Toletani,
1266 3469 1313 3518 lit·

115 3532 225 3582 iliad
264 3568 270 3582 .
1284 3535 1287 3541 '

164 3599 198 3661 †)
216 3616 243 3650 v.
260 3601 356 3650 Esseb.
377 3600 407 3650 ll.
428 3599 460 3652 u.
479 3600 510 3652 L.
530 3600 588 3652 Vll.
608 3618 632 3653 e.
653 3602 696 3654 30.

97 3680 100 3685 ·
163 3664 217 3729 l‘l')
237 3682 264 3718 v.
283 3667 424 3719 cau.XlV.
445 3684 520 3720 conc.
539 3669 768 3721 Neocaesariensis
789 3687 814 3721 u.
833 3671 894 3723 311.
914 3677 941 3722 et
959 3686 1018 3721 cao.
1037 3669 1111 3721 Xlll.
1133 3685 1207 3721 cone.
1227 3669 1313 3738 Ancy-

65 3778 74 3793 ,
98 3734 153 3783 rani
180 3749 207 3784 u.
226 3736 287 3786 314.
307 3738 468 3800 congregati.
503 3736 541 3788 Ac
566 3754 698 3790 numerum
718 3755 823 3803 eorum,
851 3741 960 3806 ideoque
980 3740 1059 3791 stium
1078 3748 1211 3790 numerum
1228 3740 1314 3790 cocle·

99 3802 193 3852 siarum
218 3803 426 3869 rusticanarum,
456 3806 507 3855 cito
534 3820 694 3872 summopere
720 3815 822 3858 auctum
850 3823 922 3872 esse,
950 3808 1043 3858 caindo
1069 3809 1215 3872 colligitur,
1245 3807 1313 3873 quod

101 3871 245 3932 Gregorius
261 3874 331 3924 Noz.
346 3873 377 3931 jn
399 3887 479 3923 carm.
499 3874 531 3924 do
549 3875 604 3924 vita
622 3890 670 3924 sou
690 3891 715 3941 p.
735 3876 761 3926 8.
781 3891 808 3925 u.
827 3876 861 3930 32
884 3883 989 3941 narret,
1012 3876 1136 3928 desiliunt
1154 3875 1314 3927 Caesareum·

98 3950 150 3987 scu
169 3938 300 3988 subiectos
319 3939 368 3989 sibi
387 3938 509 3992 babuisse
528 3942 560 3993 dd
580 3943 788 4009 chorepiscopos.

159 4007 243 4071 ›t-††)
261 4007 293 4073 do
312 4008 416 4058 scnium.
428 4008 523 4059 Donat.
534 4008 565 4060 L.
577 4009 610 4059 ll.
630 4011 711 4076 psit.
732 4011 815 4078 Loqui
835 4019 921 4064 entem
932 4012 1054 4080 Optatam
1073 4028 1123 4062 non
1143 4013 1174 4064 ds
1188 4027 1247 4076 suo,
1265 4010 1314 4062 sed

101 4071 130 4122 dc
148 4071 327 4125 Diocletianae
346 4078 533 4140 persecutionis
552 4084 682 4144 tompore,
711 4081 837 4130 orationis
855 4082 937 4132 series
956 4081 1041 4131 docet.
1078 4080 1114 4143 Et
1132 4081 1190 4133 uluis
1211 4088 1313 4146 quoquo

100 4139 123 4188 in
143 4141 292 4191 civitatibus
311 4143 399 4207 plures
416 4145 540 4196 eeclesias
555 4153 705 4197 exstructas
724 4144 805 4200 luisse
818 4164 888 4200 saec.
904 4148 949 4210 111,
968 4149 1060 4199 exinde
1072 4149 1213 4212 colligitur,
1234 4148 1312 4213 qood,

100 4206 258 4259 Diocletiano
279 4210 396 4272 iubente,
417 4212 513 4263 multuo
533 4214 661 4265 ecclesias
679 4215 793 4281 dirutae,
813 4224 840 4267 ct
857 4216 1013 4268 christianis
1031 4216 1137 4283 ereptus
1156 4221 1195 4283 (r.
1213 4212 1312 4268 Euseb-

100 4273 130 4324 tt.
148 4275 178 4327 E.
200 4276 231 4327 L.
251 4276 321 4328 Vlll.
343 4293 367 4327 c.
386 4278 434 4342 2),
459 4274 616 4348 iisdemque,
636 4283 807 4336 Constantino
834 4286 912 4337 rebus
938 4298 1026 4337 eorum
1051 4283 1172 4349 favente,
1194 4284 1312 4336 redditae

100 4347 210 4409 uuuttv.
230 4343 327 4397 Euseb.
348 4345 381 4396 ll.
401 4344 433 4396 ll.
453 4346 484 4397 L.
504 4347 539 4399 X.
558 4367 584 4401 o.
604 4351 654 4417 5.).
894 4374 896 4377 ·
977 4354 982 4360 ”
1158 4360 1161 4370 ’

162 4411 213 4483 †*)
243 4412 402 4480 „ldodioem
427 4418 602 4486 unusquisque
629 4421 737 4491 stipem,
765 4421 850 4491 iuquit
869 4414 1048 4477 Tertullianus
1064 4418 1201 4526 Apuloget.
1223 4434 1248 4474 o.
1265 4418 1312 4473 dd·
