3067 5075
522 260 567 322 ¹de
584 256 820 355 susceptoribus.
1220 254 1285 329 too
1344 232 1346 239 Ι

56 428 118 489 Ιιιιιι
133 426 183 489 rel
202 426 377 492 amittendae
393 430 440 493 rel
453 429 558 495 saltent
572 434 748 513 premendae
764 428 918 509 religionis
930 427 1107 493 christianae
1122 428 1284 509 gentilibus

58 515 223 596 eriperent,
246 517 400 579 consilium
419 521 454 581 rle
472 520 529 601 piis
546 522 772 604 susceptoribus
788 518 926 597 inierunt,
951 538 1008 600 quo
1024 516 1072 580 ria
1088 516 1182 579 omnis
1198 539 1284 581 erer-

57 603 136 665 tendi
155 616 264 665 coetus
281 605 433 668 divinioris
451 608 585 671 hostibus
600 609 852 690 praecluderetur.
889 605 1026 689 loprimis
1046 616 1143 667 antem
1160 625 1195 668 ea
1212 605 1284 669 lacti

57 692 130 753 rrrtia
148 695 293 766 suberat,
315 694 341 753 si
359 694 434 756 lorte
452 695 597 774 eveniret,
624 707 655 759 ut
672 708 808 778 parentes
824 703 944 776 repente
968 693 1119 775 tyrannide
1135 712 1284 774 ,grassan-

58 779 127 840 tium
152 778 364 860 imperaturum
388 782 551 847 infantibus
574 785 831 859 subtraherentur,
857 785 998 846 baberent
1014 780 1063 863 qui
1081 792 1109 843 et
1122 780 1155 843 in
1174 780 1282 845 diuinis

58 868 206 930 mandatis
225 888 277 929 eas
293 868 472 933 instruerent
488 881 516 935 et
533 872 728 935 testimonium
746 874 782 933 dc
797 882 936 952 suscepto
950 870 1092 952 baptismo
1107 869 1283 933 adolescen-

59 956 135 1017 tibus
161 957 368 1036 perhiberent,
393 970 425 1021 nt
449 981 484 1022 eo
510 960 631 1023 facilius
655 961 784 1023 insidiae
800 958 927 1034 diaboli,
953 959 1137 1021 reensionem
1156 956 1282 1020 nocendi

58 1043 247 1125 quaerentis,
272 1046 460 1112 reiterentur.
498 1048 563 1110 Nou
582 1048 668 1129 pauci
686 1069 803 1131 quoque
818 1047 865 1111 bis
882 1045 1060 1129 temporibus
1077 1056 1156 1108 tanta
1172 1056 1282 1126 marty·

59 1153 119 1192 rum
133 1133 304 1196 constantia
320 1145 347 1195 et
364 1135 427 1196 zela
445 1135 565 1216 permoti
583 1146 661 1211 snut,
678 1145 711 1198 nt
726 1135 864 1218 pietatem
880 1145 909 1198 et
920 1133 1092 1214 religionem
1105 1155 1206 1195 eornm
1223 1132 1282 1195 sibi

59 1216 280 1301 inexemplum
304 1234 465 1300 verterent,
492 1223 583 1285 diuini
610 1224 720 1305 aliquid
746 1224 777 1284 in
804 1223 894 1285 tantis
918 1221 1124 1286 vexationibus
1147 1222 1281 1284 ferendis

62 1310 180 1370 subesse
208 1309 266 1370 rati
291 1310 459 1392 ejerataque
475 1311 628 1390 gentilium
644 1311 793 1392 impietate
811 1310 1043 1373 Christianorum
1060 1308 1155 1372 coetui
1171 1311 1281 1392 adjun-

60 1406 215 1472 gerentur,
243 1418 366 1478 quarum
389 1399 581 1461 imbecillitati
604 1399 770 1463 constitutis
794 1398 1018 1480 susceptoribus
1036 1408 1147 1459 mature
1168 1401 1280 1461 snbre-

61 1480 185 1563 niebaut‚
205 1485 258 1567 qui
276 1486 379 1548 deinde
397 1487 482 1548 iidem
499 1508 583 1550 suasu
600 1486 716 1569 aequali
733 1486 869 1569 exempla
883 1484 1055 1550 coulirrnare
1074 1505 1133 1547 non
1149 1489 1280 1549 erubue-

61 1581 132 1632 runt.
167 1606 207 1618 -
248 1570 276 1656 §
293 1576 323 1636 8.
354 1573 544 1638 llludantem
563 1597 620 1637 non
639 1575 905 1651 omittendumest,
930 1585 1119 1655 susceptores
1138 1573 1280 1637 tribusin

63 1658 174 1720 casibus
200 1662 288 1723 datos
311 1683 394 1740 esse,
419 1685 524 1745 nempe
538 1663 571 1724 in
592 1663 742 1725 rudiarum
759 1661 941 1726 institutione
958 1661 1021 1724 sire
1040 1659 1279 1741 catechisatione,

63 1744 88 1804 ia
104 1746 268 1827 baptismo,
294 1750 419 1831 denique
437 1753 466 1813 io
485 1751 721 1828 confirmatione,
746 1772 870 1833 qnorum
887 1749 999 1831 singuli
1016 1760 1100 1812 aetus
1114 1771 1134 1811 a
1152 1749 1279 1831 singulis

64 1841 126 1893 sunt
142 1834 268 1916 peracti,
286 1837 343 1900 nisi
361 1860 450 1901 casus
467 1840 654 1902 necessitatis
674 1841 771 1919 legem
789 1847 1003 1919 attemperaret.
1028 1836 1094 1902 vio.
1121 1843 1279 1901 Gratianus

66 1923 477 2000 admurmuratione
499 1934 529 1989 iu
551 1931 731 2004 cataclismo,
752 1934 784 1989 ia
807 1929 945 2008 baptismo
968 1937 993 1987 et
1018 1932 1049 1987 in
1071 1925 1279 2001 continuatione

62 2028 128 2070 uuae
142 2020 279 2090 patrinus
294 2015 356 2090 fieri
371 2026 468 2095 potest,
483 2021 510 2077 si
526 2022 676 2078 uacmsitas
690 2020 770 2095 sopit,
793 2036 849 2077 nan
866 2025 908 2076 est
923 2024 1015 2076 tanen
1030 2014 1196 2076 consuetudo
1214 2021 1278 2076 Ro·

64 2117 149 2175 uana,
164 2103 213 2161 sed
228 2123 283 2180 per
298 2106 423 2181 siuprrtos
436 2105 541 2181 rispetti
554 2109 719 2185 suscipiunt.
752 2100 815 2166 Cir.
830 2101 934 2185 Polyd.
950 2099 1061 2180 Vergil.
1078 2102 1113 2162 de
1130 2099 1278 2167 lnaentor.

64 2204 150 2246 rernm
165 2183 197 2262 4,
214 2190 251 2250 4.
279 2211 306 2269 p.
330 2191 404 2252 325.
449 2191 569 2253 Priores
593 2193 668 2253 duos
693 2191 796 2252 modos
822 2210 888 2252 esse
915 2186 1137 2270 antiquissimos
1163 2197 1278 2252 constat

66 2275 149 2350 quoad
166 2275 296 2355 primaru
313 2299 350 2339 cx
367 2277 479 2340 corut.
499 2279 592 2342 Laod.
609 2300 675 2343 can.
691 2278 752 2354 463
768 2276 802 2340 it.
819 2298 857 2339 ex
873 2275 1058 2339 Tertulliano
1077 2279 1112 2338 de
1127 2277 1278 2359 poeniali.

66 2360 96 2418 de
112 2361 184 2441 bapt.
202 2362 262 2426 20.
294 2364 381 2441 Quod
398 2365 521 2428 alterum
538 2375 667 2449 spectat,
692 2385 873 2446 progressus
892 2363 1016 2428 docebit.
1052 2356 1191 2427 Ultimnni
1208 2387 1277 2428 vero

65 2443 116 2507 iilis
131 2468 195 2511 esse
212 2453 419 2532 posteriorem,
436 2453 484 2516 vel
502 2475 536 2517 eo
552 2464 726 2535 argumento
744 2453 938 2516 demonstrari
957 2461 1061 2534 potest,
1080 2453 1151 2534 quia
1168 2452 1277 2515 contir-
1338 2474 1342 2485 ·

67 2534 141 2596 matio
153 2538 219 2601 olim
239 2540 316 2603 ritus
333 2544 476 2624 baptismo
487 2543 706 2624 superadditus,
722 2563 782 2605 nan
792 2552 1007 2606 sacramentum
1025 2541 1089 2618 luit,
1105 2545 1138 2603 de
1153 2548 1276 2623 pristina

69 2623 202 2703 disciplina
225 2631 329 2708 ducta,
353 2654 409 2711 quo
426 2638 492 2711 napi
506 2636 565 2694 otoo
583 2634 616 2693 de
637 2653 725 2694 aaron
745 2638 780 2710 iu
801 2634 987 2694 sacerdotium
1002 2631 1145 2703 solebant,
1170 2652 1207 2692 ea
1222 2653 1275 2712 prro

69 2712 154 2772 Αιιιοιι
168 2736 187 2776 a
203 2723 291 2778 Mose
304 2728 402 2779 eructas
418 2730 468 2792 est,
485 2727 519 2780 nt
534 2718 739 2781 Tertullianus
755 2721 792 2781 de
807 2721 887 2800 bapt.
903 2721 934 2781 7.
966 2717 1050 2780 Unde
1066 2716 1140 2778 illud
1159 2739 1275 2800 quoquc

70 2798 202 2879 seqnitur,
227 2816 418 2885 susceptores
441 2807 517 2868 alios
540 2805 722 2883 infantibus,
748 2806 857 2869 adultis
874 2826 990 2888 qnoque
1006 2805 1081 2869 alios
1098 2826 1165 2868 esse
1182 2809 1276 2887 datos,

71 2903 177 2961 quornm
194 2891 284 2953 etiam
302 2894 435 2956 diuersae
453 2904 536 2957 eraut
558 2894 649 2956 cilicii
674 2902 791 2975 partes,
816 2893 848 2955 iu
865 2915 900 2956 eo
919 2901 1015 2956 taruen
1033 2892 1147 2974 utrique
1165 2915 1275 2958 conve-

71 2969 190 3055 riebaat,
213 2982 294 3061 quod
311 2980 522 3062 stipularentur
543 2992 669 3063 votaque
687 3001 721 3043 se
739 2981 923 3060 obligarent,
948 3000 981 3042 se
999 2980 1072 3043 uelle
1088 2980 1227 3043 nouitium
1244 2981 1275 3043 in

71 3060 135 3121 omni
150 3064 255 3143 pietate
276 3068 409 3147 erudire,
436 3081 469 3131 nt
494 3079 655 3151 cognoscat
672 3068 727 3131 rim
751 3079 780 3132 et
799 3068 950 3131 ueritatem
968 3077 1219 3131 sacramentorum
1237 3071 1274 3132 ad

70 3142 116 3206 bei
129 3150 250 3229 gloriam
270 3164 299 3218 et
313 3157 400 3219 vitam
417 3169 576 3220 aeternam.
595 3193 633 3205 -
658 3154 686 3238 ξ.
703 3158 733 3219 9.
759 3156 924 3220 Consilium
942 3179 1010 3219 vcro
1028 3156 1274 3220 instituendorum

72 3250 258 3330 susceptorum
277 3265 362 3305 omne
378 3247 414 3307 ad
439 3245 574 3327 pietatem
601 3254 629 3308 et
646 3245 797 3308 doctrinae
821 3245 919 3307 cbrist.
937 3242 1185 3307 confirmationem
1202 3267 1272 3326 per·

72 3323 177 3404 traebat,
201 3331 311 3413 quippe
327 3355 393 3395 cunr
410 3344 490 3395 tanta
505 3331 651 3414 religione
666 3343 796 3396 veternus
812 3332 941 3396 bdelium
957 3331 1045 3394 animi
1063 3332 1274 3412 imbuerentur,

72 3413 268 3480 deensnltum
287 3440 353 3482 esse
375 3420 465 3483 laeile
488 3420 769 3497 animadverterent,
794 3420 991 3503 impotentiam
1017 3420 1123 3485 aetatis
1149 3418 1273 3503 puerilis

73 3491 204 3565 tornines
219 3506 373 3583 inagistris
390 3530 457 3571 esse
474 3506 702 3584 sublevandam,
721 3509 772 3591 qui
789 3507 979 3592 χειραγωγῶν
994 3507 1180 3584 iusturriam
1198 3532 1272 3572 ceo-

73 3592 219 3662 succidae
236 3594 344 3658 salutis
370 3605 507 3660 aeternae
525 3607 731 3660 monstrarent.
770 3598 878 3662 Verum
903 3617 960 3658 nou
983 3595 1147 3660 infantibus
1164 3596 1271 3677 solum,

74 3669 116 3728 ⁸0¹1
131 3677 234 3743 adultis
251 3681 338 3746 etiarn
355 3686 464 3747 dabant
479 3695 685 3768 susceptores,
709 3687 787 3767 quod
811 3693 933 3768 apparet
951 3683 988 3747 ex
1003 3684 1149 3769 Dionysio
1166 3685 1273 3769 dreap.

73 3749 90 3812 l·
104 3775 127 3819 θ·
140 3761 168 3825 2·
189 3767 216 3851 ξ.
232 3771 263 3832 2.
281 3793 309 3851 p.
324 3772 399 3834 251.
434 3778 567 3855 Quisquis
582 3784 675 3836 autam
689 3776 797 3851 lunone
815 3773 918 3854 iuquit,
934 3795 1078 3837 munerata
1093 3796 1154 3838 ecre
1169 3797 1272 3856 soper-

73 3849 228 3916 annuarum
242 3870 339 3921 sancte
352 3867 493 3941 particeps
508 3884 567 3923 asse
581 3868 672 3943 cupit,
696 3865 826 3925 amadeus
843 3868 999 3944 quempiam
1013 3869 1105 3926 sacris
1119 3868 1271 3937 initiatum,

75 3923 216 4019 lsssitatqas
231 3947 267 4006 ab
288 3969 336 4028 co,
359 3959 390 4009 ut
413 3950 451 4010 ad
473 3971 618 4012 sacrorum
633 3953 790 4030 praesident
812 3951 979 4026 deducebar,
1005 3959 1064 4032 ipsa
1079 3973 1144 4014 ocra
1167 3958 1271 4031 integro

75 4027 163 4123 aaut,
177 4037 364 4097 coactionibus
380 4038 491 4118 obsequi
505 4040 666 4119 pollicetur,
688 4050 821 4121 ropatqac
836 4060 905 4101 urae
920 4061 981 4100 curu
999 4040 1189 4114 adductionis,
1214 4050 1272 4102 tum

76 4106 144 4207 ”lits
157 4121 251 4181 aare
264 4129 338 4185 ottae
354 4146 451 4186 curam
465 4133 604 4206 suscipere
618 4149 653 4189 ns
667 4129 836 4207 dedipnetur.
869 4125 909 4188 Hi
928 4125 1003 4188 euim
1019 4148 1114 4208 nuper
1130 4149 1168 4189 ex
1185 4137 1271 4188 coetu

77 4194 209 4289 sutilium
225 4211 261 4269 ad
274 4209 384 4273 Christi
399 4233 485 4276 saera
500 4213 662 4292 venientes,
679 4226 775 4278 aetate
789 4212 851 4278 illis
868 4213 983 4297 quidem
1000 4215 1138 4297 majores,
1153 4213 1184 4276 in
1197 4215 1270 4276 doc-

78 4280 140 4343 urna
154 4299 244 4355 antem
262 4299 379 4363 coelesti
397 4322 492 4382 aeque
507 4303 597 4364 rudes
615 4311 714 4381 erant,
738 4303 846 4385 quibus
862 4301 1044 4366 institutione
1062 4323 1137 4383 opus
1153 4310 1216 4364 erat
1231 4301 1271 4365 ad
1307 4330 1314 4340 ·

78 4376 306 4471 witmundum,
337 4398 493 4469 antequam
516 4390 701 4454 initiarentur
725 4405 754 4454 et
783 4390 1000 4454 contessionem
1023 4389 1091 4453 fidei
1117 4391 1269 4469 edendam,

80 4455 142 4536 l²⁰d
155 4480 184 4523 ¹¹¹
197 4469 293 4536 adulta
309 4476 484 4560 baptizando
501 4477 661 4562 requiritur
676 4476 1016 4563 aDionys.rlreopog.l.
1029 4500 1055 4542 e.
1067 4477 1095 4562 ᾗ.
1106 4478 1136 4546 5,
1154 4500 1184 4562 p.
1193 4478 1270 4543 225.
