3067 5075
498 230 518 275 z·
547 238 584 300 do
602 252 696 300 oosua
713 235 842 301 Domini.
1232 235 1297 301 111

85 438 138 480 usu
150 423 279 496 recepta,
289 394 336 476 res
355 412 392 476 sit
409 416 564 475 admodum
579 413 668 476 dubia
686 421 715 474 et
728 411 851 474 ineerta.
875 411 947 491 Neo,
957 408 1037 493 quali
1054 408 1148 474 forma
1159 400 1299 490 κλάσμα..
1316 438 1323 457 ·

84 527 119 565 ro
142 503 253 566 Glrristi
287 500 412 577 fuerint,
445 502 639 564 determinare
674 516 845 581 possumus.
897 500 1066 566 Hostiarum
1092 500 1185 581 prima
1212 500 1298 581 origo

86 611 135 673 noa
152 592 233 654 latet.
275 590 338 651 Non
358 588 427 667 dicit
442 587 623 665 bernoldus,
642 585 829 669 placentulas
845 587 1028 650 orbiculatas
1046 608 1100 649 sua
1117 599 1212 651 aetnto
1229 608 1306 657 osse,

84 680 227 756 maeonis,
257 679 310 739 sed
327 676 451 738 usitatas
476 679 629 759 additque,
644 678 705 757 jam
722 685 851 756 temporo
868 675 1005 755 Gregorii
1023 677 1067 736 Μ.
1083 677 1113 736 in
1130 697 1188 737 usu
1202 675 1297 740 luisse

85 776 259 847 noeatasque
286 784 420 826 coronas.
459 765 547 826 Certe
572 763 658 846 panis
682 763 805 827 formam
824 772 973 825 externam
989 772 1104 825 veteres
1120 762 1296 827 inter'adia-

85 855 168 933 plora
187 851 362 914 retulerunt.
407 851 573 932 Epiphanio
593 864 687 914 tamen
704 872 765 914 seo.
786 852 833 916 tv.
851 851 939 932 panis
957 851 1064 912 dieitur
1078 844 1296 933 στρογγυλοει-

85 934 145 1020 driu.
165 940 355 1002 Postmodum
373 958 466 1017 panes
483 939 697 1003 enobaristicos
713 942 857 1001 vocabant
874 959 1010 1015 coronas,
1027 930 1067 1000 ob
1081 938 1297 1011 rotunditatem,

85 1027 130 1088 su
146 1038 276 1107 tempore
294 1025 432 1104 Gregorii
449 1025 490 1088 M.
510 1027 588 1090 eirea
603 1048 631 1092 a.
651 1022 720 1090 eti.
738 1027 812 1089 obt).
830 1029 923 1106 panes
941 1026 1054 1087 rotundi
1074 1022 1297 1107 minutiorisqno

86 1114 186 1177 formae
209 1115 241 1175 in
268 1133 326 1174 usu
350 1124 442 1175 erant.
482 1113 699 1177 Posterioribus
723 1113 835 1177 seonlis
859 1135 931 1174 orux
956 1124 984 1175 et
1006 1111 1120 1175 ta'ndem
1136 1114 1297 1176 orueitixns

86 1201 199 1281 imprimi
226 1201 353 1263 solebat.
388 1200 522 1282 Denique
539 1203 628 1283 prisoi
645 1223 736 1282 panes
753 1200 965 1263 eucharisticon
990 1219 1048 1262 nou
1067 1201 1228 1282 quantitate
1245 1208 1298 1263 ant

86 1287 153 1350 mole
168 1298 238 1351 aunt
255 1288 368 1364 mensi,
394 1290 445 1350 sed
463 1292 592 1351 conteuti
610 1290 727 1352 omniuo
744 1289 829 1350 luere
847 1308 922 1367 pane
940 1309 1009 1349 vero
1026 1300 1053 1350 et
1071 1288 1210 1369 physico,
1231 1289 1296 1351 sino

87 1385 157 1437 esset
174 1379 319 1438 rotundus
337 1376 400 1438 sire
417 1379 577 1457 quadratus
594 1387 644 1439 aut
661 1377 827 1439 minutioris
843 1377 965 1439 formae.
1006 1376 1184 1453 Quantitas,
1208 1374 1240 1436 ut
1255 1375 1297 1438 ait

87 1463 288 1546 philosophus,
312 1483 369 1523 non
393 1464 496 1544 resipit
513 1466 607 1545 magis
633 1475 661 1526 et
686 1467 800 1540 minus,
826 1466 902 1544 quod
920 1468 1022 1524 eontra
1038 1461 1230 1525 calvinianos
1249 1462 1296 1524 to·

87 1554 200 1612 nendum
218 1560 274 1615 est.
311 1552 413 1613 Patres
431 1550 557 1613 Consilii
574 1553 640 1615 Nio.
659 1572 725 1614 ean.
742 1553 776 1616 V.
798 1551 916 1613 dieuntr
934 1545 973 1610 ori
988 1539 1071 1610 πολὺ
1086 1538 1294 1631 λαμβάνομεν,
1381 1584 1383 1591 ι

87 1630 144 1697 ltt’
160 1632 272 1718 ὀλίγον,
290 1637 345 1697 ἵνα
359 1635 486 1719 yroipren,
515 1624 565 1698 b'ro
583 1634 640 1701 oria
657 1641 702 1711 εἰς
717 1626 910 1720 πλησμονὴν,
929 1631 998 1697 ἀλλ’
1016 1637 1060 1707 εἰς
1073 1627 1234 1717 ἁγιασμόν.
1251 1671 1296 1685 -

88 1724 109 1806 b.
125 1726 171 1786 12.
198 1724 308 1789 Vinum
326 1744 403 1805 aqua
419 1724 541 1786 dilutum
559 1747 626 1788 esse
643 1734 794 1808 oportere,
811 1748 848 1787 ox
866 1726 923 1787 ritu
938 1724 1049 1786 latinae
1068 1723 1213 1786 ecelesiae
1229 1730 1295 1786 sta}

88 1821 159 1872 luunt
174 1811 332 1892 pontificii,
349 1832 367 1872 a
384 1832 441 1892 qua
458 1823 553 1874 tamen
571 1814 705 1875 mistione
726 1814 833 1877 Graeci
850 1813 1008 1875 abstinent.
1030 1810 1135 1874 'Ritus
1153 1812 1296 1874 miscendi

89 1899 190 1977 quidem
215 1898 443 1980 antiquissimus
467 1911 529 1977 est,
555 1899 700 1963 Hebraeis
729 1902 840 1981 pariter
862 1920 898 1961 an
916 1899 1038 1960 Graecis
1063 1899 1213 1961 veteribus
1237 1920 1296 1962 usu

88 1997 216 2065 rereptus,
232 1987 439 2047 Hebraeorum
458 1988 608 2066 magistris
625 1998 653 2048 et
669 1990 787 2068 graneis
805 1987 998 2068 scriptoribus
1015 1986 1044 2045 id
1054 1985 1295 2050 adfirmantibus.
1386 2035 1393 2054 .

89 2071 137 2133 Sed
152 2074 178 2132 in
195 2094 293 2136 onena
315 2073 446 2153 paschali
465 2076 621 2137 utebantur
637 2076 770 2156 prinoipe
787 2077 864 2150 rino,
890 2076 909 2138 i.
929 2094 955 2138 e.
971 2074 1214 2151 generosissimo,
1230 2095 1295 2136 -uon

89 2157 247 2220 adulterino.
297 2163 391 2240 Atque
414 2162 458 2222 sio
475 2159 584 2222 fallunt
600 2162 756 2243 pontificii,
781 2164 898 2243 qnando
923 2160 952 2220 iu
971 2158 1072 2220 ultimo
1091 2160 1201 2222 Christi
1219 2181 1293 2222 eou-

47 2280 51 2289 ,
89 2244 151 2307 rivio
174 2246 308 2326 paschali
332 2247 430 2310 riuum
455 2268 532 2328 aqna
558 2247 676 2311 mixtum
700 2251 737 2311 ad
763 2270 867 2311 manus
891 2248 985 2311 luisse
1008 2247 1065 2308 ritu
1088 2248 1293 2311 Hebraeorum

90 2334 249 2412 quotidianis
280 2333 311 2394 in
338 2333 434 2416 opulis
464 2336 619 2398 observato
645 2339 828 2416 pertendunt.
881 2336 1065 2397 Christianos
1093 2345 1190 2398 tamen
1214 2338 1293 2418 aqua

90 2419 193 2483 oalioom
219 2421 362 2498 diluisse,
392 2423 537 2503 papieolis
565 2423 721 2503 largimur,
749 2424 886 2505 quoniam
911 2424 967 2485 lroe
990 2422 1020 2482 in
1046 2423 1177 2486 terminis
1203 2426 1293 2488 babet

88 2506 221 2583 lustinus,
258 2510 331 2571 item
357 2509 540 2596 Cyprianus,
567 2512 616 2593 qui
655 2512 790 2580 mistione
815 2513 868 2574 illa
893 2511 1031 2573 unionem
1055 2510 1201 2575 eeclesiae
1225 2534 1292 2576 eum

90 2593 190 2658 Christo
214 2597 320 2673 innui,
344 2617 451 2679 aquam
474 2620 541 2660 esse
565 2600 705 2682 populum
729 2611 757 2662 et
782 2621 834 2679 per
858 2600 957 2662 vinum
983 2600 1095 2661 ostendi
1115 2602 1291 2679 sanguinem

90 2678 366 2747 carintanorum.
399 2683 533 2747 Meminit
549 2687 692 2749 mistionis
708 2687 789 2749 illius
807 2685 991 2767 Augustinus
1007 2699 1035 2749 et
1053 2687 1292 2769 chrysostomus.
1320 2721 1323 2726 ⁴

89 2765 130 2828 Sin
149 2790 220 2851 aqna
245 2772 430 2834 miscebatur·
453 2775 549 2836 riuum
567 2795 627 2838 seo.
646 2775 719 2853 vlt,
743 2786 946 2857 praeterquam
973 2777 1052 2855 quod
1077 2774 1132 2835 soli
1149 2776 1290 2851 Armenii,

90 2863 149 2917 testa
163 2859 346 2940 Nioepboro,
369 2860 467 2922 vinum
491 2864 601 2942 absque
622 2882 699 2943 aqua
720 2864 903 2941 usurparint.
935 2864 1122 2923 dteuimuoro
1147 2862 1221 2925 ritus
1237 2862 1289 2927 ille

91 2941 210 3006 niaeendi
236 2946 403 3025 ueteribus,
430 2968 496 3009 num
522 2949 619 3010 vinum
644 2951 744 3011 bibero
765 2949 977 3027 vollent,·erat
994 2949 1078 3030 quasi
1100 2950 1288 3029 universalis,

91 3041 190 3109 propter
213 3034 471 3112 consuetudinem,
498 3036 528 3095 in
552 3036 757 3098 eommunibus
780 3039 881 3098 coenis
898 3036 988 3098 semol
1008 3046 1164 3116 receptam.
1211 3037 1290 3099 Hirro

92 3119 284 3183 vetustissimos
303 3119 489 3184 Christianos
516 3123 565 3185 tali
592 3124 659 3185 vino
677 3135 743 3187 ante
761 3124 1011 3187 consecrationem
1031 3123 1076 3184 vel
1101 3145 1119 3184 a
1139 3122 1289 3186 venditore
1385 3153 1390 3168 «

91 3201 126 3261 rel
141 3206 174 3265 ab
189 3207 256 3270 aliis
275 3210 361 3270 misto
379 3210 420 3271 uti
439 3211 577 3291 potuisse,
595 3233 655 3273 nou
672 3234 827 3293 negamus.
871 3211 1052 3274 Hoornberk
1080 3209 1184 3294 (Mise.
1206 3212 1238 3273 S.
1258 3214 1288 3276 l.
1337 3209 1340 3214 ’

91 3305 113 3388 q.
128 3291 223 3374 bl7.):
249 3297 371 3375 „Potest
387 3298 504 3360 mixtum
523 3299 654 3362 adhiberi
675 3301 705 3360 in
723 3302 760 3388 Β.Ι
778 3321 869 3363 noeua
887 3301 1003 3379 vinum,
1028 3300 1054 3360 si
1075 3319 1138 3361 mos
1157 3300 1287 3380 regionis

91 3384 134 3452 illo
148 3390 176 3439 ⁸¹¹
192 3383 280 3464 vulgo
296 3386 471 3459 misceatur,
489 3409 545 3447 non
563 3408 649 3465 uero,
667 3400 697 3449 ut
715 3389 810 3451 mistio
826 3384 855 3449 in
873 3389 939 3469 ipsa
957 3408 1068 3449 coenae
1086 3388 1218 3466 actione,
1235 3392 1288 3451 sed

92 3471 117 3521 ¹¹¹
136 3478 196 3558 tute
219 3470 300 3534 tarr
346 3471 404 3534 Sed
422 3474 490 3554 qnid
508 3478 544 3535 ad
561 3495 614 3537 nos
631 3476 734 3561 Patres
752 3477 914 3552 ecclesiae,
941 3475 989 3556 qni
1009 3478 1047 3536 ab
1063 3477 1213 3538 erroribus
1229 3499 1290 3538 non

92 3560 160 3652 bitti
182 3554 333 3620 immunes.
369 3561 523 3622 Nostrates
549 3563 627 3624 uerbi
653 3564 742 3625 divini
768 3564 891 3625 ministri
918 3563 948 3622 in
972 3562 1033 3623 vini
1052 3561 1195 3623 electione
1213 3564 1288 3623 siur-

92 3633 187 3724 pluam
203 3658 365 3730 sequnntur
381 3651 470 3710 verba
486 3651 650 3722 testatoris,
676 3653 753 3731 apud
772 3673 857 3732 quoru
877 3661 986 3713 tantum
1004 3648 1110 3710 rnantio
1127 3649 1158 3710 fir
1180 3643 1289 3730 peruri.

92 3739 171 3796 ματος
185 3729 239 3811 uqa
255 3728 406 3813 ἀμπέλου·
425 3772 468 3781 -
497 3736 524 3818 ᾗ.
545 3739 593 3801 li.
619 3737 717 3818 aliqui
733 3750 850 3818 putant,
872 3738 1018 3800 Christum
1037 3738 1177 3798 babuisse
1192 3756 1305 3818 posu-¹

93 3802 196 3910 ludex
213 3820 302 3898 llll⁰2
327 3826 403 3906 qnod
422 3824 452 3883 iu
472 3824 584 3900 medio,
608 3847 673 3887 oum
697 3828 753 3887 han
768 3827 797 3887 in
825 3848 855 3887 re
880 3846 983 3907 parurn
1004 3825 1090 3886 sitnm
1115 3824 1169 3900 sit,
1195 3825 1288 3886 relin-

93 3911 199 3970 turnus.
236 3908 389 3971 luteribus
408 3912 514 3991 poeula
530 3912 560 3971 in
579 3933 635 3974 usu
652 3924 734 3976 erant
751 3936 787 3975 ex
804 3914 898 3994 ligno,
915 3914 1001 3990 vitro,
1020 3923 1142 3994 argento
1159 3921 1188 3973 ol
1205 3933 1288 3977 auro.

92 3975 205 4066 laseqtpt
227 3996 341 4059 solebat
366 3998 482 4077 poculis
500 3998 598 4078 imago
621 3996 749 4079 Christi,
768 4012 801 4064 nt
820 3997 945 4082 pastoris
962 4003 1030 4062 boni
1049 4023 1129 4063 orern
1146 4000 1288 4081 perditam

93 4064 203 4136 burnonis
232 4083 294 4144 suis
321 4085 481 4163 portantis,
513 4097 587 4148 teste
616 4086 803 4151 Tertulliano
833 4093 883 4169 (de
911 4090 1030 4170 pudicit.
1060 4079 1087 4151 e.
1112 4090 1156 4166 7.)
1182 4088 1286 4168 quales

71 4149 187 4260 ,stratas
212 4167 241 4227 in
265 4183 392 4258 veterum
422 4174 604 4236 coemeteriis
634 4177 899 4256 conspiciebantur.
951 4177 1129 4256 Rbemigius
1163 4174 1289 4237 aalioern

93 4233 216 4313 lnbnrsse
229 4252 353 4337 legitur,
378 4261 424 4321 oui
442 4265 531 4323 verba
548 4262 666 4324 inerant
682 4259 794 4326 ineisa:
820 4262 946 4327 Hauriat
968 4266 1038 4325 bine
1055 4262 1182 4342 populns
1199 4262 1287 4325 vitam

93 4326 122 4384 tlt
140 4343 286 4417 sangnine.
299 4347 421 4410 Christi.
468 4349 501 4409 Si
525 4348 657 4412 Platinae
682 4352 818 4413 babendo
841 4351 931 4428 fides,
959 4351 1019 4415 see.
1037 4351 1089 4412 lll.
1114 4348 1224 4413 ralioes¹
1250 4373 1288 4414 ox

96 4427 154 4477 auro
169 4434 194 4485 et
208 4446 324 4510 argento
350 4436 449 4499 usitati
465 4436 594 4502 luerunt.
626 4441 659 4502 lu
675 4439 810 4504 Romana
826 4439 954 4502 ecelesia
975 4439 1084 4501 oalioes
1103 4440 1236 4519 argentei
1259 4449 1288 4501 et
