3067 5075
258 242 324 332 tto
556 273 561 287 ·
686 250 795 328 nulli.
825 262 938 329 deest
955 252 1051 349 depe
1119 242 1122 249 ’

182 474 184 481 ·
258 422 403 525 Hirpinis
426 440 620 519 inuenerat,
642 448 789 504 canendos
808 439 904 504 codici
925 441 1171 522 recognoscendo
1188 439 1275 503 stunt
1292 447 1320 503 et
1333 444 1445 522 togula

257 536 362 614 postea
376 528 475 592 locon
495 529 652 604 dederunt,
675 546 752 610 quae
767 526 837 592 bine
852 529 966 594 eliade
984 539 1087 592 coacta
1102 530 1231 591 needon
1255 529 1342 592 relrto
1355 531 1382 590 in
1396 542 1446 593 eon

257 618 378 690 iuuant
403 616 469 680 teri
494 615 666 679 recentioris
688 615 840 681 coneilio..
869 617 941 681 lude
965 626 1035 680 nott
1056 617 1113 679 fnit
1131 628 1211 680 noro
1235 612 1447 679 esndttsrsne

258 703 473 789 pontificiorum
490 703 681 786 epistolarum
698 702 849 784 collectio,
874 722 933 768 see.
951 705 1016 770 vtt.
1034 707 1197 787 eodemque
1213 705 1323 782 nredio,
1343 711 1445 787 tenpore

259 793 384 865 isidori,
409 791 614 873 Hispalensis,
639 792 670 853 ia
692 806 780 855 osen
799 793 1009 874 Hispaniensis
1031 793 1179 856 ecciesiae
1200 793 1368 855 concinnata
1388 805 1411 853 et
1425 793 1445 852 io

260 884 336 943 dnos
348 889 449 962 portes
464 879 569 942 diuiso.
597 879 696 942 Priora
711 880 838 943 munilia
854 892 980 963 quatuor
994 880 1147 962 generalie
1160 889 1190 943 et
1207 881 1386 943 oecnneelet
1398 894 1446 941 our

146 989 151 993 ·
260 969 434 1052 quibusdum
454 966 599 1030 ccclesiae
617 966 777 1031 Orienteiis
796 969 1036 1051 prorineialibus,
1056 966 1184 1030 eoncilia
1202 980 1288 1050 porro
1304 967 1446 1050 Hispaniae,

258 1055 379 1121 leielre
394 1056 482 1118 etiarn
499 1064 528 1118 ct
545 1052 662 1118 Galliac
678 1056 813 1133 exbibet3
835 1058 978 1135 necundo,
997 1057 1161 1119 decretales
1182 1056 1346 1136 pontificatu
1360 1056 1446 1119 bons

259 1154 364 1207 dorum
390 1142 534 1223 epistolas
557 1158 575 1205 o
597 1143 727 1206 Damaso
750 1148 905 1226 nequead
933 1144 1110 1226 Gregorinrn
1135 1144 1300 1225 Magnum,
1331 1144 1403 1224 eujus
1421 1143 1446 1202 od

259 1226 456 1307 lincaredurn,
475 1248 575 1311 regern
592 1229 753 1294 Gothorum
774 1248 821 1313 ep.
839 1244 910 1314 pars
927 1233 1072 1316 posterior
1088 1228 1254 1309 obaudiente
1276 1231 1357 1293 sicuti
1373 1233 1397 1291 ln
1410 1227 1446 1290 illl

259 1318 361 1403 priori,
378 1336 465 1401 quan
482 1316 609 1380 coucilla
626 1329 714 1382 lotan
730 1330 885 1409 occupent,
902 1321 1014 1383 nullum
1031 1321 1075 1383 rel
1094 1314 1278 1383 Graecorum
1294 1319 1336 1381 rel
1350 1316 1448 1379 battus

258 1411 325 1469 tuto
341 1404 475 1483 liabetur,
493 1406 642 1469 Toletano
658 1408 708 1473 tv.
726 1411 804 1490 qnod
820 1409 852 1470 in
868 1424 977 1471 anunm
994 1409 1068 1473 idi.
1087 1408 1201 1485 incidit,
1221 1405 1372 1489 posterius:
1402 1405 1447 1466 ileo

259 1493 348 1558 ltelle
367 1493 433 1575 quio
457 1482 650 1571 existimabit,
676 1497 752 1558 banc
777 1494 997 1574 collectionem,
1024 1498 1102 1577 qnod
1121 1504 1241 1577 practer
1258 1490 1446 1556 coneiliadoni

261 1580 410 1663 ceiebtola
428 1580 595 1664 conplures
622 1582 716 1646 sideni
733 1582 851 1647 dilictio
867 1593 895 1646 et
911 1583 1026 1647 Galliae
1042 1584 1145 1666 synodi
1164 1581 1361 1666 compilatoris
1375 1579 1446 1641 stelio

122 1736 127 1743 ,
260 1678 461 1749 acesserunt,
482 1669 593 1732 idcirce
609 1670 781 1753 Hispanam,
805 1680 856 1735 toul
873 1671 903 1732 ln
920 1687 1013 1734 muer,
1025 1668 1272 1753 Hispaniensinrn
1288 1667 1445 1731 ecolesimo

260 1760 432 1823 adunatam
460 1772 519 1819 non
544 1757 651 1821 inisse.
695 1759 741 1821 lle
760 1748 914 1841 ‘Hispanis
945 1759 1022 1822 eninr
1052 1759 1113 1842 jaon
1142 1761 1255 1839 prltletn
1283 1761 1446 1829 obtennltn,

260 1846 413 1911 studiosos
430 1853 605 1908 clementes
621 1862 738 1928 semper
752 1840 836 1908 risos
853 1860 921 1909 esse
937 1862 1083 1909 oaoonurn
1101 1846 1230 1925 Galliae,
1250 1864 1366 1928 qnururn
1379 1856 1445 1920 stepo

259 1934 360 1999 verbio
379 1945 408 1997 et
425 1934 597 2011 sententiis,
617 1934 776 2019 etianxubl
800 1948 851 1998 eos
873 1950 933 1996 uon
957 1930 1126 2015 nominant,
1149 1946 1280 1998 conones
1301 1928 1446 1994 suosiosti·

260 2026 363 2100 lttnnt3
382 2023 460 2103 quod
478 2016 508 2084 el
523 2022 773 2100 Tarraconensis,
791 2022 953 2087 ilerdensis
972 2033 1000 2085 et
1016 2022 1174 2097 Valentini,
1198 2021 1357 2104 Hispaniae
1370 2014 1445 2079 cond

260 2110 385 2187 boren,
414 2126 490 2191 qnae
517 2128 647 2172 canones
665 2109 799 2189 Galliae,
827 2127 950 2192 quornm
975 2110 1158 2174 autoritatem
1181 2118 1385 2192 sequerentur,
1403 2116 1445 2163 oct

261 2196 482 2261 dissimulanter
498 2196 556 2258 sibi
573 2210 799 2278 proposuerunt,
819 2194 962 2279 exemplis
980 2202 1129 2280 probatur.
1166 2198 1305 2260 dicemur
1321 2214 1381 2258 rere
1393 2206 1445 2252 oon

255 2290 320 2367 ,etat
333 2305 397 2348 eaor
412 2284 507 2346 luisse
523 2284 728 2365 superioribus
745 2280 825 2349 senc.
841 2288 920 2367 apud
937 2302 1040 2348 omues
1057 2284 1313 2360 existimationem,
1330 2293 1359 2344 ut
1371 2294 1444 2341 nouo

261 2386 389 2436 conones
408 2371 486 2433 aliae
502 2371 627 2434 subinde
642 2370 805 2450 eeclesiae,
826 2373 999 2454 praesertim
1017 2394 1093 2455 qaae
1109 2373 1146 2436 iis
1163 2375 1322 2454 contiguae
1337 2367 1445 2432 alluitttt

260 2461 386 2523 vieiniee
399 2459 603 2542 jungerentur,
622 2461 828 2541 adoptaverint
844 2470 880 2537 et,
900 2462 1018 2543 quoties
1032 2462 1075 2523 rei
1093 2481 1164 2524 nens
1182 2463 1305 2540 terebat,
1323 2454 1444 2519 iutitaolot

261 2548 379 2612 otnuloo
396 2546 542 2609 duxerint.
561 2573 602 2594 -r-
620 2544 647 2628 ς.
664 2550 695 2612 o.
715 2549 798 2611 Haec
815 2552 948 2630 quamtis
963 2547 1083 2630 insigne
1099 2559 1238 2614 testatum
1255 2551 1376 2611 lacerent
1388 2542 1445 2602 ciret
1476 2603 1479 2608 ,

259 2635 345 2698 tidem
363 2643 391 2697 el
407 2633 592 2715 disciplinans
610 2633 890 2700 ecclesiaesleereta
906 2638 1027 2719 qnaeris
1045 2639 1170 2720 posteris
1186 2629 1372 2702 conservandi
1385 2636 1408 2691 et
1418 2626 1443 2686 ol

260 2735 392 2789 obediero
409 2720 528 2784 iliorum
548 2722 694 2808 boroianro
714 2725 830 2787 anianus
848 2723 996 2806 dirigendi
1012 2726 1132 2789 Petram
1149 2715 1314 2809 Hispaniae
1328 2717 1443 2805 studiolt

259 2813 363 2895 pernen
382 2821 477 2874 lernen
494 2810 532 2872 iis
549 2820 620 2890 erat,
639 2811 669 2873 io
689 2831 779 2875 nunus
794 2813 931 2876 rolntoen
950 2815 1136 2895 compegisse
1152 2814 1273 2896 integra
1288 2807 1443 2874 conditores

259 2902 454 2962 instrumenta
470 2907 604 2981 totosque
620 2901 701 2963 sedis
716 2901 869 2965 lisitanae
886 2899 1056 2983 praesudare
1073 2901 1228 2982 epistolas,
1245 2900 1301 2963 uisi
1317 2907 1343 2959 et
1355 2895 1444 2955 iectell

260 2999 395 3072 quaeqae
417 2987 449 3050 in
472 2995 584 3050 eertum
609 2988 726 3069 digesta
744 2991 876 3064 ordinetur
896 2999 924 3052 el
940 2991 1004 3052 suia
1021 2989 1113 3051 titolis
1131 2987 1325 3071 capitulisque
1340 2980 1443 3043 distincto

259 3076 403 3157 peculiari
422 3076 524 3139 codiee
542 3077 806 3155 consignarentur,
832 3097 889 3159 quo
909 3077 967 3138 stoi
982 3078 1110 3159 quisque
1126 3080 1203 3159 quod
1220 3076 1321 3153 veliet,
1343 3064 1444 3129 tanet

258 3164 330 3227 iudo
345 3164 463 3226 leolllue
481 3170 511 3223 et
528 3166 612 3245 quasi
629 3164 661 3224 in
677 3176 829 3228 uuurerato
845 3167 976 3229 baberet.
1020 3165 1098 3228 Hine
1114 3167 1231 3228 modern
1249 3166 1326 3228 cioca
1341 3143 1442 3248 senili·

259 3250 347 3314 Hoetu
362 3260 416 3313 aot
430 3250 509 3314 llill.
533 3251 617 3313 initia
633 3260 720 3313 natus
740 3263 785 3313 est
802 3269 946 3314 canonum
966 3254 1059 3314 codex
1076 3250 1295 3335 amplissimus,
1318 3261 1353 3311 ex
1366 3240 1442 3323 print·

260 3339 350 3419 genia
366 3336 549 3400 collectione
565 3338 593 3398 ia
612 3339 749 3418 ejusdem'
763 3339 910 3401 scelestae
929 3359 1015 3402 nonan
1034 3341 1187 3419 conflatus,
1212 3342 1262 3423 qui
1281 3339 1376 3401 ltoer
1392 3341 1442 3387 tl·

260 3439 401 3489 nonum
427 3433 657 3486 sanctornm
674 3424 830 3489 Petrum
852 3427 1032 3509 inscriptas,
1052 3428 1178 3492 condita
1193 3426 1350 3510 Hispaniae
1363 3418 1392 3480 ol
1405 3425 1440 3489 ll·

259 3515 369 3577 nodoao
389 3527 485 3595 usqne
504 3512 581 3575 inter
595 3512 761 3576 'l'cietanas
779 3516 830 3578 id.
849 3533 903 3578 neo
920 3517 1076 3598 qdieqmrn
1094 3516 1147 3578 illa
1166 3513 1322 3590 recentius,
1344 3500 1442 3571 cabinet

259 3599 364 3667 (lodex
383 3599 452 3680 ille,
471 3595 637 3664 inconditae
656 3602 742 3665 nolis
757 3603 912 3683 uolumen,
932 3607 1032 3667 decern
1050 3602 1135 3669 ibris
1151 3601 1326 3676 absolvitur,
1348 3597 1440 3683 queres

256 3689 375 3770 ,singuli
390 3689 491 3770 plures
505 3689 537 3752 iu
554 3688 666 3768 obolos,
688 3698 720 3753 bt
735 3699 763 3754 el
780 3692 856 3754 titltii
872 3693 956 3774 plara
973 3689 1003 3754 in
1021 3691 1149 3773 capitula
1166 3695 1285 3756 abeunt.
1326 3668 1439 3762 puseo*

205 3853 212 3860 ι
259 3776 354 3859 igitar
376 3776 568 3858 disciplinae,
592 3778 732 3859 quicquid
756 3780 952 3860 poenitentiae
979 3787 1006 3841 cl
1027 3795 1205 3862 menarum,
1229 3799 1301 3862 quas
1319 3763 1438 3834 cador·

257 3877 381 3928 ederunt
399 3864 475 3945 lapsi
495 3867 677 3945 pendebant,
697 3876 757 3929 tan
773 3871 854 3952 apud
874 3867 1024 3949 Hispanus
1043 3878 1119 3942 erat,
1143 3867 1216 3932 illuri
1232 3885 1313 3929 etune
1328 3855 1439 3947 tollii*

261 3954 358 4015 codex
375 3952 656 4032 comprehendebat,
680 3952 710 4015 iu
735 3971 794 4035 qno
814 3953 994 4016 eludendo
1014 3955 1211 4037 poliendopoe
1228 3959 1300 4017 adeo
1322 3929 1439 4008 laudabit

258 4038 389 4105 smdiorn
407 4036 510 4102 Patres
526 4039 692 4122 Hispaniae
708 4039 936 4105 collocaverant.

276 4198 280 4204 .
348 4125 431 4192 ttt.
459 4125 1190 4209 Hediseiplinoecclesiaellotuanae.
1221 4130 1294 4213 §.b
1316 4103 1438 4219 Holpllll

257 4214 449 4279 iiocidebtern
473 4214 619 4293 euangelii
645 4216 730 4293 lnce,
756 4229 816 4279 dne
842 4233 879 4281 ent
904 4211 1147 4281 celebratissimis
1173 4217 1296 4283 nnatste
1319 4207 1437 4271 clusae*

124 4322 126 4328 ·
259 4303 397 4366 eeclesiis
412 4304 469 4366 tuit
482 4301 617 4366 Romana
633 4302 772 4382 ecelesia,
795 4307 881 4389 enjus
900 4304 984 4368 idern
1002 4315 1030 4368 et
1048 4308 1232 4388 obsequiosa,
1251 4319 1323 4388 qote
1340 4294 1438 4383 istaec

259 4393 362 4453 orben
378 4392 631 4472 praedicarentur,
647 4392 677 4453 io
694 4409 750 4455 sun
761 4396 801 4456 ad
812 4409 877 4472 erno
893 4392 1018 4475 epistola
1035 4393 1195 4458 celebrarit
1206 4387 1360 4476 apostolos.
1375 4367 1438 4474 illl

255 4478 290 4588 lu
308 4480 530 4559 consecrandis,
550 4489 583 4542 nt
598 4473 666 4544 nent
683 4492 711 4545 et
729 4484 890 4562 dootfflae
909 4483 952 4545 ito
967 4490 996 4546 et
1010 4480 1185 4565 discipliane
1201 4467 1436 4560 nenncttllll
