3067 5075
255 326 390 417 xxxtn.
434 330 461 395 r.
479 320 538 395 ns.
554 312 685 393 staura
701 332 737 394 a
754 326 859 396 1111.
875 303 1108 414 strennos.
1246 310 1289 399 eo

76 512 101 566 11
115 503 144 564 11
162 501 335 584 antiquitate
352 504 494 583 extitisse,
514 507 551 569 de
568 505 677 586 quibus
695 497 839 588 expresse
856 506 1170 591 chrysostomus
1188 509 1218 571 in
1234 530 1289 574 ca·

76 590 178 655 11111111
199 591 440 672 baptizandorum
460 592 549 655 dixit:
574 597 651 675 quod
675 594 722 657 isti
740 594 890 678 mysticam
908 597 1050 660 rationem
1068 599 1211 680 quandam
1229 619 1289 661 non

74 680 249 760 vulgandam
271 678 409 744 habeant.
449 681 612 744 Recensuit
635 682 708 745 ritus
725 674 853 747 Albin.
875 682 1070 764 Flaccus,
1096 685 1288 751 communiter

73 768 266 831 Alcuiuns
290 769 386 829 dietus
412 769 464 831 lib.
482 769 513 833 2.
537 772 572 832 de
597 769 798 836 1111111119.
823 769 1009 852 (bibliothec.
1026 773 1146 836 Patrum
1171 786 1238 838 tom.
1255 775 1286 841 3.

74 855 137 919 edit.
153 856 183 917 2.
200 855 269 919 Par.
286 877 316 937 p.
334 857 417 918 1195
433 856 528 941 seqq.)
548 892 590 905 —
613 859 640 944 ξ.
657 860 689 921 2.
707 858 795 921 Ritus
810 858 1003 940 baptismales
1019 858 1214 924 ecclesiastici
1232 883 1287 925 ne·
1399 874 1405 883 ‘

74 945 233 1006 cessitatem
252 955 331 1005 certo
350 947 443 1020 modo,
460 967 518 1027 qua
533 945 753 1008 ministerialem
772 946 1051 1011 administrationem
1070 960 1098 1012 11
1114 950 1286 1029 dignitatem

74 1034 273 1094 commendant
295 1052 330 1093 ae
350 1031 522 1113 baptismum
547 1030 737 1097 illustriorem
762 1038 903 1114 reddunt,
926 1039 962 1099 ad
981 1058 1055 1119 quos
1072 1046 1169 1099 tamen
1185 1035 1230 1101 rel
1249 1059 1287 1102 ex

74 1132 126 1182 toto
148 1119 192 1181 rel
219 1141 257 1181 ex
281 1130 364 1200 parte
389 1120 507 1203 propria
531 1122 668 1203 baptismi
692 1123 843 1185 transferri
870 1139 1028 1207 nequeunt.
1069 1124 1286 1188 Testimonium

73 1206 316 1281 Tertulliani'(d'e
330 1211 421 1288 bapt.)
432 1207 482 1270 hic
497 1210 689 1273 adducimus:
706 1211 771 1273 sine
789 1208 850 1272 ullo
866 1226 1026 1294 apparatus
1042 1213 1199 1295 splendore
1215 1212 1285 1276 olim

74 1297 240 1377 baptismum
258 1295 455 1358 administrari
472 1297 601 1361 solitum.
634 1297 798 1378 Gregorius
815 1299 888 1361 Nau.
905 1306 993 1381 (orat.
1010 1302 1045 1362 de
1063 1305 1155 1383 bapt.)
1173 1301 1286 1383 impro-
1335 1360 1338 1368 .

76 1385 161 1463 barit,
187 1385 268 1466 qaod
293 1381 362 1447 olim
384 1395 502 1466 propter
519 1386 693 1467 baptismum
710 1406 818 1448 munus
837 1387 964 1450 oblatum
981 1388 1088 1466 luerit,
1112 1389 1204 1452 restis
1221 1389 1285 1452 ele·

74 1493 141 1552 gans
166 1471 313 1554 requisita
336 1493 379 1556 ac
394 1471 547 1536 convivam
574 1472 710 1555 baptistis
728 1486 872 1555 paratum.
910 1476 974 1538 Neo
997 1475 1142 1539 ecelesiae
1167 1490 1285 1559 propter

74 1559 332 1622 dissimilitudinem
349 1559 379 1621 in
396 1560 564 1642 hujusmodi
581 1563 685 1624 ritihus
703 1565 885 1625 damnandae
902 1574 979 1642 sunt,
1000 1585 1065 1626 curn
1081 1562 1219 1626 libertate
1237 1564 1283 1628 rel

72 1647 99 1709 in
115 1648 273 1710 omissione
289 1645 407 1710 illoram
425 1646 470 1710 rel
486 1649 644 1712 mutatione
660 1651 701 1712 uti
719 1652 799 1712 baud
815 1651 989 1716 recusarint.
1021 1653 1084 1714 Nos
1102 1673 1173 1732 ergo
1190 1650 1285 1715 Bel-

73 1736 230 1798 larmino
256 1738 308 1816 (de
334 1739 413 1817 bapt.
437 1737 474 1813 1,
501 1738 568 1820 24.)
600 1757 755 1801 assensum
790 1737 958 1821 neutiquam
992 1742 1187 1821 praebemus,
1226 1743 1284 1802 duo

73 1823 160 1886 fulera
183 1823 377 1899 ceremoniis,
402 1823 433 1884 in
457 1844 579 1888 romana
596 1822 725 1890 ecelesia
743 1824 822 1889 cirea
841 1826 976 1908 baptismi
1002 1827 1285 1891 administrationem

74 1912 188 1992 usitatis,
213 1911 383 1992 assignanti
399 1910 620 1998 simplicemque
636 1914 841 1976 necessitatem
856 1915 961 1977 ritibus
977 1914 1083 1977 iisdem
1100 1916 1283 1996 concedenti,

75 2019 131 2061 oum
147 2000 369 2064 Cbemnitio
395 2000 590 2079 arbitrantes,
615 2002 689 2064 ritus
709 1999 917 2082 baptismales,
943 2005 980 2065 ab
998 2012 1129 2082 augusta
1146 2014 1283 2066 111111-

75 2091 156 2150 randa
171 2088 356 2171 antiquitatis
369 2088 476 2150 canitie
489 2092 718 2168 commendatos,
735 2100 865 2152 retentos
883 2110 961 2169 esse,
978 2090 1061 2153 salva
1079 2100 1174 2153 tamen
1193 2091 1286 2152 liher-

75 2183 134 2253 tate,
149 2198 234 2257 quam
252 2177 393 2238 Servatur
408 2177 439 2237 in
458 2175 503 2239 bis
518 2176 687 2260 adiaphoris
704 2174 849 2240 ecclesiae
865 2178 1022 2241 concessit.
1034 2212 1075 2224 -
1094 2179 1122 2263 §.
1136 2180 1167 2241 3.
1182 2179 1285 2241 Ritum

76 2263 223 2327 solemnem
241 2261 431 2327 essentialem
447 2264 649 2328 necessarium
666 2264 808 2346 primum,
833 2266 946 2328 ratione
968 2265 1170 2329 ministerialis
1187 2266 1285 2328 admi·

76 2350 258 2430 nistrationis,
283 2351 498 2415 immersionem
515 2374 570 2416 seu
585 2353 795 2432 intinctionem,
820 2353 876 2431 rel,
902 2356 978 2435 quod
993 2352 1116 2436 perinde
1133 2365 1185 2432 est,
1204 2354 1282 2417 affu·

76 2437 174 2502 sionem
191 2440 235 2504 rel
253 2439 455 2521 aspersionem
480 2461 576 2523 aquae
600 2445 762 2504 secundum
784 2452 899 2505 veteres
922 2441 963 2504 ita
980 2453 1151 2523 usurpatam
1170 2442 1284 2504 consti·

61 2527 182 2608 tuimns,
210 2526 312 2611 qualis
328 2526 445 2591 anullo
462 2529 515 2593 rite
531 2530 709 2611 baptismum
729 2532 816 2593 dante
832 2528 880 2594 rel
898 2529 1062 2612 accipiente
1079 2530 1170 2593 omitti
1188 2531 1285 2597 debet.

76 2613 194 2679 Eandem
211 2619 319 2680 Patres
345 2616 569 2696 manifestasse,
596 2628 675 2700 patet
699 2639 737 2681 ex
754 2615 942 2680 Tertulliano
967 2617 1049 2698 (libr.
1068 2621 1104 2680 de
1123 2619 1215 2700 bapt.)
1235 2619 1284 2681 di·

77 2714 165 2779 eente,
187 2705 336 2766 homiaem
355 2704 385 2765 ia
409 2725 514 2785 aquam
533 2708 693 2769 demissum
720 2717 748 2769 et
772 2704 892 2768 tinctum
916 2727 1001 2783 esse:
1039 2706 1186 2787 Gregorio
1209 2708 1284 2770 Nar.

76 2783 196 2855 linerat.
212 2796 248 2855 de
267 2792 378 2855 laudib.
398 2794 503 2873 patris)
527 2794 690 2872 referente,
716 2803 827 2875 patrem
851 2815 937 2856 suum
963 2804 1027 2874 post
1050 2795 1226 2876 baptismum
1246 2815 1285 2857 ex

76 2898 143 2959 aqua
165 2901 338 2961 egressum:
361 2880 568 2961 chrysostomo
591 2881 636 2959 (ia
654 2881 738 2962 epist.
755 2884 793 2943 ad
811 2881 1011 2943 innocentium
1028 2884 1165 2963 papam),
1191 2882 1284 2944 Nice-

75 2965 154 3045 phoro
170 2970 252 3047 (bist.
271 2966 345 3031 eccl.
363 2965 414 3045 13,
435 2971 498 3048 19.)
515 2968 663 3051 Cypriane
682 2966 796 3048 (11117.
813 2971 849 3030 ad
865 2969 1035 3048 Magnum),
1053 2969 1103 3050 qui
1121 2970 1152 3029 in
1169 2969 1284 3050 princi-

78 3052 118 3133 pio
133 3057 225 3119 statirn
241 3055 330 3118 nobis
346 3055 494 3135 indicarit,
514 3056 600 3117 ritum
617 3058 740 3118 eundern
758 3056 903 3117 neminem
920 3055 1114 3136 improbasse,
1132 3056 1179 3118 oui
1197 3056 1283 3120 fidem

77 3141 190 3207 tribuere
207 3166 265 3207 nos
284 3154 406 3225 oportet.
424 3179 463 3190 -
489 3142 517 3226 ξ.
533 3143 564 3206 4.
587 3145 653 3222 Quo
670 3153 844 3224 argumento
861 3143 946 3205 ritum
964 3134 1164 3213 καταδύσεως
1181 3142 1212 3204 in
1230 3165 1283 3207 ec-

77 3226 156 3293 clesia
172 3234 221 3295 diu
238 3236 365 3294 durasse
382 3240 410 3293 11
427 3253 633 3312 perseverasse
650 3233 821 3306 ostenditur,
847 3232 888 3293 ita
904 3242 1014 3308 tamen,
1040 3241 1072 3293 ut
1088 3229 1119 3291 in
1136 3229 1285 3296 ecelesiae

77 3327 204 3394 potestate
219 3320 310 3402 situm
327 3326 421 3400 esset,
445 3320 639 3382 ceremoniam
657 3320 840 3401 aspersionis
858 3340 1027 3399 surrogare,
1051 3340 1127 3401 quae
1145 3318 1175 3380 ia
1192 3320 1285 3382 reteri

78 3412 102 3464 et
116 3406 254 3483 primitiva
271 3405 399 3470 eeclesia
415 3428 505 3486 saepe
521 3406 661 3485 adbibita,
680 3408 705 3469 si
724 3407 891 3488 baptizandi
907 3410 1107 3487 aegrotabant.
1131 3409 1211 3468 ldem
1221 3408 1283 3490 Cyss

79 3491 184 3569 prianus
202 3499 264 3579 (ep.
281 3494 346 3574 76.)
371 3495 521 3557 Eusebius
543 3496 623 3577 (hist.
642 3493 796 3572 ecclesii,
815 3495 870 3565 39)
896 3508 925 3558 11
949 3495 999 3556 1111
1016 3494 1181 3556 luculenter
1198 3516 1283 3557 mou-

79 3588 202 3645 strarunt.
238 3585 282 3646 ad
302 3583 387 3645 talem
404 3583 597 3646 ceremoniam
615 3605 730 3665 quoque
746 3594 867 3663 spectat,
885 3586 962 3664 quod
980 3583 1100 3643 Samma
1115 3582 1234 3661 anglica
1251 3582 1283 3643 in

79 3667 148 3734 verb.
172 3670 307 3753 baptismi
323 3670 354 3748 4,
375 3675 422 3734 11.
448 3692 589 3753 expresso
615 3671 713 3732 addit:
739 3682 854 3733 tenetur
878 3668 1078 3746 communius,
1104 3672 1181 3751 quod
1206 3690 1283 3751 qua·

79 3750 247 3840 litercunque
263 3758 329 3841 quis
347 3756 486 3837 tingatur,
503 3770 549 3821 est
566 3759 730 3840 baptizatus
746 3769 774 3820 et
790 3761 866 3840 quod
883 3757 1012 3819 sufficiat
1027 3758 1168 3837 aspersio,
1186 3779 1283 3840 quau-

80 3848 242 3929 tnmcnuque
260 3846 374 3909 modica
390 3846 420 3908 in
439 3861 512 3910 casu
527 3847 723 3910 necessitatis.
746 3845 803 3909 His
822 3841 1117 3908 curiosiScbolastiri
1134 3848 1170 3908 ad
1189 3867 1283 3929 quae-.

80 3925 207 4001 stionern:
234 3937 381 4018 quodnam
400 3935 532 4016 corporis
551 3938 709 3997 membrum
728 3935 766 3997 sit
790 3955 868 4016 aqua
892 3934 1132 4015 aspergenduml
1156 3956 1283 4016 respou-

81 4014 186 4082 donem
197 4024 320 4086 solidam
338 4022 497 4103 accipiunt.
519 4059 564 4069 -
588 4022 614 4106 h
634 4024 664 4086 5.
688 4023 897 4086 Mersationern
917 4023 1021 4084 trinam
1040 4042 1066 4084 s.
1082 4021 1283 4085 intinctionem

81 4099 218 4188 inaquam
233 4109 436 4193 baptismalem
450 4110 552 4194 primis
563 4111 675 4192 aliquot
686 4112 807 4186 seculis,
824 4110 1017 4194 apostolieum
1030 4131 1132 4174 aerum
1149 4111 1283 4192 proxime

82 4193 297 4278 excipientibuS,
320 4198 351 4260 in
370 4199 498 4262 ecelesia
515 4199 703 4275 Latinorum,
729 4200 910 4263 Graecorum
927 4207 956 4262 11
972 4199 1145 4278 Aethiopum
1167 4210 1284 4260 veteres

81 4294 238 4369 usurpasse,
256 4287 462 4370 uuusquisque
478 4286 682 4350 historicorum
698 4287 801 4368 largiri
819 4290 915 4350 debet.
937 4286 1123 4368 Augustinus
1141 4284 1282 4366 (111114.

83 4364 114 4427 de
136 4375 259 4453 symbolo
276 4379 312 4440 ad
329 4374 536 4457 baptizandos)
559 4376 601 4438 ita
626 4376 773 4460 loquitur:
797 4383 877 4439 recte
901 4374 985 4438 tertio
1002 4373 1092 4438 mersi
1116 4372 1205 4451 estis,
1233 4373 1284 4456 qui

83 4451 244 4540 baptismum
260 4464 289 4530 in
305 4465 422 4531 nomlue
440 4464 490 4530 Ss.
508 4463 664 4530 Trinitatis
682 4485 750 4532 rere
766 4462 926 4550 accepistis
943 4469 999 4528 etc.
1021 4463 1110 4615 {papae
1121 4481 1190 4529 rero
1206 4462 1284 4530 trina
