3067 5075
378 311 415 372 de
430 305 535 374 ritibus
551 304 779 393 bapismaiibuq
794 325 857 373 sec.
871 305 1005 371 morundi.
1248 304 1294 375 88
1363 346 1368 353 ·

60 490 173 553 sente
187 483 299 564 sitiret,
321 483 396 549 illud
414 485 525 568 duplex
539 483 628 549 uobis
642 483 766 564 sistitur,
789 483 870 549 alind
886 458 1023 549 nimiiuru
1040 483 1121 547 circa
1137 480 1294 547 conbene-

60 576 164 639 tionis
179 575 395 655 acceptionem,
420 568 502 637 aliud
527 573 607 636 circa
628 574 761 655 ejusdem
784 572 1043 655 dispensationem.
1079 573 1159 651 Eos,
1184 573 1293 654 quiem

59 665 183 727 meurs
207 663 265 725 fuit
289 661 472 729 confirmatio
508 661 642 744 baptismi
675 661 739 724 sive
764 660 978 725 conmmaudos
1000 682 1106 725 recens
1130 662 1293 742 baptizatos

59 750 180 829 luisse,
195 751 324 814 inientes
342 770 436 831 aeque
453 770 488 813 ac
504 749 631 827 adultos,
657 749 733 812 forte
750 769 1002 831 superuacaneum
1019 759 1065 813 est
1081 770 1200 811 monere
1217 748 1293 811 liue-
1391 750 1395 756 ’

58 860 126 922 que
141 850 174 903 et
187 840 364 921 scriptorum
380 838 547 905 testimonia
564 836 741 901 unanimiter
756 840 881 900 redeunt
897 838 1043 920 simulque
1060 839 1090 899 id
1107 837 1208 918 colligi
1225 848 1294 919 pot·

62 937 112 991 est
140 949 182 993 cx
198 939 268 990 nota
286 926 431 990 ecclcsiae
447 927 527 989 illius
544 926 709 1008 primaevae
727 927 958 1007 cousuetudine,
980 925 1163 1009 impertiendi
1181 926 1293 989 cucba-

59 1016 183 1079 rintiam
199 1015 256 1094 iis,
280 1015 330 1097 qui
347 1014 583 1093 confirmatione,
607 1034 683 1096 quae
709 1015 883 1096 baptismum
902 1036 1006 1078 recens
1029 1018 1127 1076 datum
1144 1015 1293 1097 supponit,

62 1115 195 1184 accepta
209 1104 240 1164 iu
255 1104 513 1183 congregationem
531 1101 661 1164 fidelium
678 1103 785 1164 adsciti
802 1103 929 1166 fucrant.
951 1103 1028 1165 Eum
1044 1124 1123 1179 reru,
1140 1103 1189 1183 qui
1206 1104 1295 1164 dabat

62 1191 319 1255 confirmationem
337 1191 400 1254 sire
416 1190 581 1252 ministrum
600 1192 666 1271 ejus
683 1211 741 1251 nou
762 1191 853 1253 alium
871 1192 979 1271 fuisse,
1003 1212 1089 1274 quum
1107 1189 1221 1272 cuijus
1239 1191 1294 1253 ba·

63 1280 209 1360 pdnruam
219 1280 318 1360 ἰητσσσι
328 1278 702 1359 conferendicornpetebat,
718 1277 787 1340 licet
802 1279 832 1339 iu
850 1280 989 1359 genuinis
1005 1281 1093 1360 bujus
1106 1277 1171 1341 aeri
1188 1298 1295 1341 moon*

65 1368 175 1430 menda
193 1389 253 1429 noo
269 1367 388 1430 dismtis
404 1377 434 1430 et
450 1368 601 1448 expressis
619 1365 718 1428 verbis
734 1364 922 1447 indigitatum
946 1369 1191 1447 deprehendatur,
1217 1376 1295 1429 atta·
1374 1376 1379 1385 ’

62 1475 132 1517 uren
150 1476 215 1518 uon
230 1466 285 1534 est,
304 1457 380 1537 quod
398 1454 429 1516 iu
447 1454 566 1518 dubiam
577 1452 653 1515 illud
669 1463 780 1536 partem
794 1457 953 1517 trahamus.
976 1456 1063 1533 Quae
1078 1454 1152 1516 enirn
1166 1457 1295 1517 Pseudo-
1341 1516 1347 1535 x
1452 1522 1458 1537 ‚

65 1550 234 1623 Dionysias
252 1563 327 1625 quae
344 1549 570 1606 constitutionum
587 1545 805 1623 apostolicorum
817 1555 919 1605 auctor
936 1546 971 1604 de
987 1542 1120 1605 ministro
1136 1542 1295 1604 confirme-

64 1630 173 1709 tiouin,
199 1652 256 1712 pro
271 1629 399 1713 duplicis
418 1631 566 1692 unctionis
588 1629 759 1712 hypothesi,
786 1630 904 1694 diuerso
928 1632 1037 1693 babent
1052 1639 1140 1712 atquc
1155 1630 1295 1695 determi-

65 1730 154 1797 nant,
183 1738 222 1781 ea
245 1740 305 1781 non
329 1721 405 1781 adeo
427 1719 527 1799 magni
546 1718 685 1780 iacienda
708 1728 845 1799 putamus
869 1738 925 1781 nce
948 1720 1102 1781 ca‘hornrn
1119 1719 1295 1800 scriptorum

65 1826 132 1870 csse
151 1806 244 1887 uobis
259 1807 375 1881 videtur
391 1807 565 1883 auotoritas,
590 1816 622 1868 ut
645 1806 675 1867 in
694 1827 726 1868 rc
745 1808 883 1889 quapiam
910 1806 999 1890 hujus
1016 1806 1079 1870 aeri
1099 1806 1295 1869 examinanda

67 1917 167 1961 eornm
188 1894 314 1978 eloquiis
330 1905 419 1977 atquc
438 1892 611 1957 testimoniis
627 1892 715 1956 unice
730 1894 815 1957 inuiti
833 1895 1042 1959 sustineamus.
1077 1901 1223 1975 Tsarperis
1238 1897 1294 1957 dc·

67 1983 171 2065 niqme,
199 2005 258 2065 qno
277 1982 509 2045 confirmationis
534 1981 747 2044 administratio
771 1992 859 2065 atque
876 1983 1058 2065 dispensatio
1083 1982 1217 2044 instituta
1239 1984 1295 2045 luit

65 2073 214 2133 rationem
231 2071 436 2147 examinatori,
452 2071 602 2150 insignem
616 2071 799 2131 conflictandi
817 2092 935 2132 tirenum
953 2071 1039 2132 notris
1055 2070 1169 2131 obviam
1187 2073 1294 2152 depre-

65 2157 242 2235 hendimus,
267 2159 294 2220 si
315 2159 450 2237 animus,
474 2157 500 2220 si
523 2158 650 2220 tortasse
676 2167 704 2219 ct
720 2158 823 2237 virium
842 2160 974 2240 partibus
991 2157 1190 2238 suscipiendis
1207 2157 1294 2219 suili-

68 2247 151 2310 cieus
167 2246 299 2309 corditio
315 2249 422 2313 adesse
439 2246 527 2308 nobis
543 2245 709 2324 rideretur,
735 2246 943 2310 celeberrimae
960 2258 1047 2329 atque
1063 2246 1140 2308 inter
1162 2247 1293 2309 eruditos

69 2335 275 2418 antiquitatum
292 2334 566 2397 ecclesiasticarum
581 2334 735 2402 mutatores
751 2334 826 2397 satis
843 2335 972 2415 agitatae
999 2346 1028 2397 ct
1044 2335 1127 2395 nullo
1143 2356 1201 2395 nou
1220 2346 1294 2396 tem·

67 2442 135 2504 pore
150 2423 266 2504 rigenti
283 2422 518 2500 coutroversiae,
544 2425 581 2483 de
599 2422 787 2504 dispensatae
804 2423 951 2486 unctionis
968 2433 1098 2504 ternpore
1114 2422 1202 2484 iacilc
1219 2421 1294 2484 alias

68 2532 119 2576 uos
135 2510 309 2576 immixturi.
350 2510 458 2575 Unctiu
473 2509 626 2590 nimirum,
652 2527 737 2594 qnam
759 2523 905 2594 tamquam
922 2511 1045 2593 primaru
1063 2510 1294 2576 confirmationis

68 2609 131 2681 pest
153 2600 336 2682 baptism
354 2604 453 2662 datum
470 2599 659 2662 caerimoniam
682 2621 775 2681 supra
797 2601 1017 2678 recensuimus,
1042 2610 1131 2681 ceput
1153 2599 1214 2662 litis
1239 2607 1294 2677 est,

70 2688 174 2771 quim
196 2707 283 2769 quam
299 2688 329 2749 in
348 2687 567 2769 baptismalium
584 2687 692 2750 rituum
705 2690 903 2751 reiteratione
919 2709 985 2751 cunr
1003 2690 1072 2766 alia,
1092 2688 1293 2770 baptismalem

70 2787 158 2839 actum
181 2795 378 2858 praegressa,
404 2775 602 2838 consociatam
619 2776 727 2839 sistere
745 2777 931 2860 duplicisque
947 2777 1031 2839 iliius
1050 2776 1197 2838 unctionis
1214 2774 1294 2837 anti-

71 2863 206 2944 quitatem
222 2864 282 2926 iam
296 2866 332 2927 nd
356 2865 414 2927 buc
432 2885 538 2927 aevum
562 2863 691 2941 relerrc,
715 2876 793 2928 totus
812 2877 940 2946 quantus
966 2866 1120 2928 adlaborat
1142 2872 1294 2930 constiterit.

70 2965 154 3032 apest.
172 2961 296 3031 nectar,
321 2952 370 3013 cui
395 2952 491 3014 amice
506 2952 637 3013 concinit
659 2973 785 3033 eumque
797 2952 943 3034 suffragio
959 2974 1014 3015 suo
1038 2950 1115 3016 virili
1140 2974 1195 3033 pro
1211 2960 1297 3033 parte

44 3101 48 3124 .
72 3052 155 3122 suget
174 3043 470 3117 Pseudo-Dionysius.
510 3037 714 3102 Differentiam
739 3040 990 3121 anteimptismalis
1013 3040 1161 3102 unctionis
1185 3044 1222 3101 ab
1248 3057 1294 3116 ea,

72 3150 141 3209 quae
160 3129 340 3211 baptismum
359 3127 489 3211 proxime
506 3125 626 3209 insequi
642 3126 766 3206 solebat,
790 3126 889 3191 multis
906 3129 1037 3192 uulneris
1055 3139 1176 3209 uterquc
1195 3127 1293 3191 refert.

74 3215 280 3280 &annuistis
298 3238 371 3297 erqo
390 3215 503 3280 ordinis
522 3235 626 3293 cansa,
645 3237 746 3279 eorum
760 3238 798 3280 cx
811 3226 906 3278 mente
923 3215 1060 3280 distincte
1077 3214 1293 3297 dispiciendum

73 3438 217 3504 primaevae
235 3441 307 3492 iilius
327 3440 455 3492 eeclesiae
482 3441 593 3491 eandida
620 3441 718 3508 pictate
745 3455 776 3491 ne
795 3440 827 3491 de
847 3456 969 3504 parmeno
991 3446 1020 3491 et
1045 3440 1216 3504 intemerato,
1243 3457 1293 3507 quo

75 3507 126 3572 rios
143 3511 261 3562 membra
280 3525 338 3561 sese
356 3511 467 3561 invicem
486 3510 619 3576 complexe
638 3510 754 3571 luerunt,
775 3524 870 3565 sonore.
890 3510 965 3574 eujus
984 3510 1159 3560 testimonium
1179 3525 1293 3562 eommu-

76 3580 211 3644 onniiine,
239 3595 304 3646 quus
327 3579 437 3632 indere
460 3579 597 3642 noiebnt,
624 3594 715 3646 preom
734 3579 938 3630 illustrissimum
957 3578 1099 3645 praebent,
1124 3578 1293 3632 lustinus

76 3647 315 3703 Memnocones
335 3648 462 3715 prodidit,
488 3648 515 3698 in
534 3649 725 3714 baptismalium
753 3649 849 3699 rituum
878 3649 1060 3711 enarratione,
1089 3662 1165 3712 quem
1185 3650 1292 3713 apolog.

77 3712 114 3764 li.
130 3716 254 3783 instituit,
274 3735 300 3785 p.
320 3718 363 3769 et.
384 3719 449 3768 bueo
468 3717 584 3768 habeus:
604 3710 681 3785 ἡμεῖς
699 3715 739 3779 di,
755 3713 826 3786 μετὰ
843 3712 873 3768 τὸ
892 3711 979 3774 οὕτως
996 3715 1093 3766 λοῦσαι
1112 3712 1162 3767 τὸν
1179 3728 1294 3767 manero-

75 3782 155 3849 μένον
179 3786 227 3836 nai
244 3786 548 3854 συγκατατεθειμένσν,
569 3785 618 3838 dni
643 3782 707 3842 τοὺς
733 3786 902 3871 λεγομένους
919 3781 1061 3853 ἀδελφοὺς
1076 3779 1198 3853 ἄγομεν,
1222 3784 1294 3838 ἔνθα

75 3856 238 3923 συνηγμένοι
260 3856 331 3918 eici,
358 3851 455 3913 κοινός
477 3851 561 3923 εὐχὰς
583 3848 768 3924 ποιησόμενοι
794 3858 866 3924 vnto
884 3871 913 3909 re
935 3854 1042 3908 ἑαυτῶν
1067 3855 1183 3907 καὶτοῦ
1209 3872 1294 3921 merr-

76 3923 193 3991 σθένεος,
210 3924 258 3976 aei
277 3920 371 3975 nitier
389 3924 536 3992 πανταχοῦ
545 3918 664 3975 πάντων
682 3918 810 3993 εὐτόνως,
828 3921 1132 3994 όηωςκστσξιωθῠμεν
1151 3921 1182 3976 cri
1201 3922 1293 3989 ἀληθῆ

76 3987 221 4059 μαθόντες,
245 3994 295 4045 nni
313 3989 347 4044 δι’
367 3992 460 4061 ἔργων
481 3992 588 4060 ἀγαθοὶ
606 3994 782 4060 πσλιτευτσὶ,
806 3995 855 4046 καὶ
872 3991 994 4062 φύλακες
1014 3994 1071 4045 τῶν
1089 3993 1294 4064 ἐντεταλμένων

78 4051 230 4128 εὑρεθῆναι,
256 4057 404 4127 incenia
422 4055 539 4115 minimos
565 4067 704 4127 σωτηρίαν
728 4066 876 4134 σωθῶμεν.
901 4093 935 4107 -
963 4064 1112 4118 Senioribus
1132 4065 1292 4133 temporibus

79 4133 164 4183 anons
184 4134 315 4185 indicendi
337 4146 418 4185 causa
438 4133 594 4200 baptismum
615 4134 775 4201 sequebatur
797 4134 924 4186 osculatio
944 4134 988 4185 vel
1008 4136 1124 4190 osculum
1145 4137 1233 4202 pacis,
1259 4136 1291 4186 tio

80 4198 153 4321 iffi
163 4218 243 4285 cause
260 4202 434 4253 consulendus
454 4202 643 4270 Cyprianus
662 4220 703 4270 ep.
724 4205 756 4256 iii
775 4206 807 4255 od
826 4204 917 4287 lidum
936 4204 1095 4287 episcopum.
1116 4204 1294 4256 Contendcrnt

81 4337 143 4416 aa
160 4272 589 4394 tbutrttltttttttt:
608 4274 1118 4400 ttmt‘ttlttb”tittttt
1139 4287 1233 4396 tlte
1244 4289 1293 4410 ἐξ.

82 4415 179 4466 itfflus
196 4410 324 4477 probabat
342 4418 370 4462 et
386 4425 433 4478 per
450 4410 561 4473 mutum
580 4411 691 4463 dandam
711 4429 760 4464 nco
777 4412 942 4477 intelligebat
957 4411 1153 4477 justificationis
1170 4412 1291 4475 gratiam,

82 4484 143 4535 int
159 4478 235 4533 istm
251 4481 278 4531 in
297 4480 427 4547 inpurus
446 4480 544 4545 virute
561 4480 654 4547 ipsius,
674 4482 720 4532 ssd
741 4482 764 4532 si
801 4497 843 4534 um
861 4482 1008 4547 amicitiae,
1025 4481 1091 4547 quod
1110 4491 1158 4549 peu
1177 4482 1292 4533 osculum

83 4547 187 4605 mle
198 4549 305 4608 inim
322 4543 507 4606 adiciebatur.
524 4546 585 4602 etr.
606 4550 676 4620 iutra
697 4567 724 4618 p.
743 4496 798 4606 bin
