3067 5075
1488 5 1493 41 l

246 266 311 333 nnn
678 262 787 332 xum.
818 263 885 331 mn.
901 262 1026 329 rama
1203 216 1210 224 ¹

243 441 388 523 dispersis
407 443 516 511 crimen
538 444 593 504 hoc
615 442 758 523 imputare
783 441 937 517 noluerint,
959 440 1124 523 dequibus
1144 448 1240 503 utrum
1257 441 1435 504 commiserint

243 528 332 611 plone
355 550 413 594 non
441 540 562 594 constet.
605 532 669 592 lam
687 549 756 592 roro
781 530 850 609 qnid
874 529 941 610 ipsa
963 528 1054 592 inerit
1076 527 1210 606 traditio,
1233 548 1269 590 ex
1286 529 1350 609 ipsa
1365 530 1433 591 roris

243 618 361 680 notione
377 619 495 701 propria
512 627 569 681 tam
586 619 664 679 clare
680 617 785 693 clucet,
801 615 929 679 ncillam
948 616 1069 680 uberius
1085 616 1257 699 explicaturi
1274 616 1363 678 oleum
1377 637 1433 697 per·

244 707 313 769 dore
336 709 411 769 velle
431 715 517 788 atque
540 727 657 787 operam
680 705 997 787 judicandieosemuo.
1035 705 1080 767 De
1098 725 1207 785 praeeo
1227 712 1325 766 tamen
1338 703 1432 767 neuioe

244 794 354 874 aliquid
374 797 481 857 addere
507 794 582 855 forto
607 815 664 854 non
692 812 943 873 supervacaneum
967 793 1038 869 erit,
1065 813 1100 854 oo
1124 794 1202 873 qnod
1225 791 1365 869 singulari
1381 813 1433 853 con

245 882 374 962 emphasi
407 903 466 944 reni
497 884 572 943 bane
592 880 817 961 elegantissima
841 880 946 960 lingna
967 879 1120 961 exprimat.
1164 880 1248 943 Rara
1272 890 1362 940 tamen
1383 880 1433 961 ejus

244 969 372 1049 vestigia
397 982 482 1046 suot,
506 981 534 1032 ot
558 969 676 1033 nonnisi
702 989 737 1030 ex
758 970 832 1031 actis
858 979 1016 1051 martyrum
1041 968 1214 1030 haurienda.
1260 967 1303 1029 lta
1320 966 1354 1027 —in
1376 968 1433 1028 antio

245 1055 393 1119 'theotutt
412 1056 620 1121 Thessalonie.
641 1056 777 1131 lectoris,
802 1071 888 1138 quae·
904 1065 1003 1118 extant
1022 1058 1099 1136 apud
1119 1053 1292 1116 bollandum
1317 1054 1358 1132 (in
1372 1058 1434 1117 Aea
1492 1064 1493 1139 t

246 1150 412 1207 Sanctorum
427 1151 481 1208 W.
497 1149 590 1224 April.
606 1168 635 1225 p.
654 1145 715 1205 321
725 1147 781 1221 rr.)
802 1143 908 1206 mentio
924 1143 954 1204 tit
970 1142 999 1226 ξ.
1017 1144 1066 1205 13.
1084 1134 1233 1212 ἐκδόσεως
1247 1138 1309 1202 τῶν
1323 1139 1433 1223 ypopnie,

246 1231 288 1292 nti
306 1232 488 1294 traditionem
504 1233 584 1293 illam
600 1231 762 1293 Faustinus
779 1232 895 1311 praesul
912 1228 1082 1313 appellarit,
1100 1249 1186 1311 quatu
1204 1249 1273 1291 vero
1285 1227 1433 1291 Theodnluo
1455 1281 1461 1287 .

246 1322 397 1397 renuebat,
413 1317 471 1379 τοῦ
484 1310 663 1381 Θεοδοόλου
680 1311 777 1397 μηδὲν
792 1307 871 1397 πρὸς
886 1309 945 1397 τὴν
961 1314 1083 1380 ἔκδοσιν
1099 1314 1162 1377 τῶν
1176 1313 1302 1397 γραφοὶι
1318 1306 1433 1379 &odedir-

245 1426 312 1482 τος,
335 1429 373 1470 ue
394 1397 551 1487 προδότης
580 1408 747 1469 haberetur.
793 1407 949 1468 Distinetio
979 1406 1068 1486 igitur
1089 1405 1202 1466 videtur
1225 1404 1362 1465 interesse
1377 1403 1435 1462 inter

244 1489 368 1557 ἔκδοσιν
393 1515 428 1557 ac
454 1483 622 1574 πρόδοσιν,
647 1492 781 1575 quamvis
802 1505 955 1575 utrumqne
979 1489 1153 1555 vocabulum
1172 1511 1211 1553 ex
1236 1494 1333 1553 eadem
1356 1488 1433 1551 radico

246 1584 414 1644 descendat.
460 1583 601 1643 Nimirum
621 1581 738 1662 proprie
758 1601 816 1642 nna
836 1593 892 1642 tarn
914 1594 1025 1662 turpem
1045 1600 1163 1642 sensnm
1179 1578 1270 1640 habet
1288 1574 1394 1646 ἔκδοσις
1407 1596 1433 1638 ao

244 1660 405 1750 πρόδοοις,
423 1691 457 1729 on
474 1672 551 1748 qnod
568 1667 622 1729 illa
639 1669 759 1748 saepius
777 1668 920 1747 accipitur
932 1671 969 1730 de
983 1668 1138 1730 traditione
1151 1666 1245 1752 licita,
1261 1667 1296 1728 ad
1308 1664 1433 1727 arbitrium

247 1766 274 1816 et
295 1777 379 1818 nsum
405 1756 526 1816 alterins
546 1757 787 1836 commodumque
806 1757 874 1816 inde
891 1755 1104 1837 accipiendum,
1128 1765 1160 1816 nt
1178 1774 1244 1815 curu
1261 1754 1433 1815 commodatm

246 1842 348 1921 alteri,
374 1845 492 1925 utadeo
512 1836 665 1903 ἐκδιδόναι
683 1843 759 1904 idem
778 1844 868 1904 sitae
888 1840 1127 1921 ἕκμισθοῦοθαι
1145 1842 1210 1903 sire
1228 1829 1432 1918 μισθώσασθαι

245 1923 383 2000 ἐκδόσεις
398 1935 520 2006 eloeum3
539 1951 597 2011 quo
615 1950 704 1992 sensu
725 1931 810 1992 ctiam
829 1931 956 1991 occurrit
972 1918 1128 1989 ἐκδιδόναι
1143 1927 1250 1991 Matth.
1265 1926 1319 2003 21,
1336 1929 1431 1989 33.11.

248 2028 276 2079 et
314 2019 392 2099 apntl
435 2019 658 2098 Xenophontem
699 2030 787 2097 atque
821 2015 977 2099 Polybium
1016 2019 1192 2078 observante
1229 2012 1367 2094 Raphelio
1397 2011 1430 2093 (in

247 2110 350 2168 Aonnt.
367 2109 463 2186 philol.
481 2112 511 2167 ia
527 2113 566 2168 N.
585 2114 618 2168 Τ.
641 2127 677 2166 ox
694 2109 806 2181 ratpoto
824 2118 851 2167 et
867 2110 991 2167 Arriano
1009 2108 1129 2166 collectis
1149 2127 1179 2184 p.
1197 2106 1240 2165 92
1255 2101 1320 2184 sa).
1360 2100 1431 2162 ntro

245 2193 412 2275 hujusmodi
428 2188 550 2254 ἔκδοσιν
563 2193 672 2254 licitam
689 2194 802 2255 ridetur
812 2192 925 2283 ll'aums
936 2192 1046 2271 Ephesi
1063 2211 1179 2273 quoqne
1196 2191 1290 2252 libros
1305 2187 1432 2265 accepisse

246 2281 378 2361 magicos
399 2282 436 2342 ab
454 2281 503 2355 iis,
528 2281 577 2361 qui
601 2281 736 2342 conversi
753 2291 839 2356 sunt,
867 2290 894 2341 et
913 2283 1084 2341 deserentes
1102 2290 1181 2341 artes
1199 2278 1344 2358 magicas,
1361 2273 1432 2335 libros

245 2390 317 2430 snos
335 2380 493 2447 congestos
509 2368 565 2447 ipsi
584 2368 700 2450 publice
716 2371 939 2429 combusserunt
957 2368 1019 2430 hrt.
1034 2363 1084 2440 19,
1098 2369 1148 2429 ta.
1172 2367 1239 2429 Alio
1255 2374 1348 2428 autem
1360 2380 1432 2423 sensu

246 2450 367 2518 ἔκδοσιν
387 2452 450 2515 τῶν
473 2453 598 2535 γραφῶν
622 2455 812 2516 αΊΊιοοδαΙο
833 2455 953 2537 petiisse
970 2454 1132 2516 Faustinus
1156 2454 1365 2516 existimandus
1383 2447 1431 2523 erit,

246 2543 361 2604 scilicet
378 2545 412 2603 ad
432 2564 491 2604 rem
508 2541 640 2605 illicitam
658 2551 745 2624 atque
766 2544 880 2617 malam,
901 2563 1007 2624 -nempe
1025 2544 1267 2619 combustionem,
1289 2561 1367 2622 quam
1382 2538 1430 2598 iden

246 2629 421 2692 'l'heodulns
441 2631 554 2692 fortiter
571 2632 725 2704 recusarit,
740 2653 783 2693 ao
803 2624 960 2712 προδότης
981 2628 1038 2709 τῆς
1062 2627 1120 2691 τοῦ
1137 2627 1224 2691 θεοῦ
1241 2610 1358 2711 χόριτος
1376 2643 1448 2686 era-1

246 2722 335 2780 deret.
358 2720 445 2781 Hanc
461 2719 565 2780 etenim
582 2718 638 2781 rori
654 2709 812 2801 προδότου
828 2720 973 2780 notionem
990 2718 1135 2798 propriam
1152 2738 1231 2800 esse,
1248 2728 1280 2779 ut
1294 2716 1431 2796 proditorem

245 2810 391 2869 deliberato
406 2830 439 2868 ne
453 2810 609 2869 uoluntario
624 2819 745 2887 spontem
759 2810 885 2880 denotet,
901 2806 1120 2885 Loxicognaphi
1132 2807 1248 2879 ducent,
1265 2823 1347 2885 qnam
1358 2801 1430 2882 ipson

245 2895 392 2956 notionem
410 2894 494 2956 etiam
510 2897 540 2956 in
558 2894 732 2974 euangelica
748 2895 868 2956 historia
885 2897 920 2954 de
931 2894 1006 2954 luda
1019 2892 1127 2955 Christi
1143 2892 1290 2973 proditore
1303 2904 1430 2952 occurrere

246 2982 330 3044 video
355 2981 478 3059 Lucii,
499 2985 548 3044 16.
574 2983 839 3058 cottnetzst.
863 2977 1085 3057 limmata
1156 2973 1162 2982 ’
1362 2997 1363 3000 ’
1416 3057 1418 3060 ¹

335 3073 388 3147 15)
411 3070 630 3152 Ααίίιμιίοιίόαε
646 3072 705 3152 jam
723 3069 853 3131 extitisse
870 3069 1049 3150 temporibus
1064 3066 1206 3143 homiues,
1224 3067 1276 3149 qui
1290 3060 1430 3128 Traditori·

158 3187 163 3196 »
204 3209 208 3221 .
245 3158 301 3218 bus
327 3157 417 3240 hujus
450 3158 514 3219 aeri
542 3158 756 3238 praeluserim,
787 3156 877 3236 paulo
902 3156 1039 3236 superins
1065 3165 1214 3215 ostensum
1241 3164 1294 3217 est.
1324 3149 1430 3214 *Nrttrn

245 3255 340 3305 tameo
357 3243 463 3305 inillis
480 3246 614 3305 vocabuli
631 3264 717 3305 usum
733 3244 877 3320 extitisse,
896 3255 1034 3304 constans
1050 3242 1224 3321 scriptorum
1242 3240 1345 3304 evincit
1358 3236 1430 3299 silon·

245 3332 326 3393 tium.
369 3331 464 3410 igitur
480 3333 535 3392 boc
552 3334 666 3392 domum
684 3339 814 3409 tempore
831 3330 987 3411 quaerendi
1005 3329 1085 3392 vocis
1102 3328 1224 3405 natales,
1242 3351 1299 3411 qno
1314 3328 1429 3403 frequen·

245 3418 357 3479 tissime
381 3418 504 3498 repetita
523 3420 655 3479 codicum
675 3416 807 3494 traditio,
836 3429 865 3479 et
885 3417 981 3498 ipsum
1002 3438 1106 3479 nomen
1126 3415 1254 3480 omnium
1272 3418 1301 3478 in
1321 3434 1366 3476 ore
1380 3406 1429 3472 fuit

191 3511 192 3514 ’
244 3505 301 3568 Hic
320 3526 389 3567 vero
408 3505 566 3587 praecipue
584 3506 750 3567 andiendus
776 3515 821 3567 est
837 3506 1032 3584 Augustinus,
1059 3504 1108 3585 qui
1127 3505 1174 3584 (de
1189 3507 1265 3585 bapt.
1282 3513 1369 3565 eontra
1385 3504 1429 3559 bn·

244 3601 366 3656 antistas
383 3595 411 3671 l,
429 3592 492 3672 2.):
524 3602 592 3656 Post
608 3601 775 3673 passionom,
797 3593 901 3674 inquit,
922 3599 956 3654 B.
985 3597 1118 3672 Gpprioai
1132 3594 1325 3673 quadruplam,
1341 3581 1442 3666 mqttla

244 3688 379 3758 cernerit,
399 3690 484 3744 onais
499 3689 628 3762 percotis,
647 3684 761 3743 traditio
777 3684 899 3744 coelicam
915 3683 992 3756 {ueto
1008 3691 1057 3757 est,
1073 3682 1146 3741 trodo
1161 3689 1305 3762 coeperant
1318 3672 1429 3754 adpellari

219 3772 417 3852 ‚Proditores
464 3770 548 3847 Quae
579 3770 667 3830 rerba
701 3789 766 3829 num
802 3779 911 3831 certano
940 3767 1065 3829 nominis
1089 3766 1277 3830 Traditnrum
1313 3760 1429 3841 arigium

244 3856 422 3918 constituere
438 3855 600 3931 rideantur,
617 3858 647 3917 in
666 3857 754 3918 dubio
773 3870 867 3918 tamon
884 3865 913 3916 et.
924 3875 1068 3936 suspenso
1080 3863 1146 3915 rent
1154 3875 1266 3917 omnem
1277 3851 1429 3929 relinquunt

245 3944 357 4007 Caesar
373 3942 488 4023 quidem
501 3943 648 4005 Barnniuo
665 3945 1012 4025 (Αοοα1.Εοο1.ΤοοαΠ.
1028 3945 1066 4004 od
1081 3964 1149 4004 non.
1162 3945 1235 4005 302.
1251 3940 1279 4024 d.
1289 3940 1347 4015 tt.)
1363 3928 1428 4032 tctllj

232 4032 372 4095 ‘monium
397 4028 472 4092 illud
497 4031 656 4111 Augustini
677 4032 825 4103 excitans,
846 4033 919 4091 adeo
944 4029 1014 4090 nihil
1039 4029 1109 4091 ridit
1129 4029 1320 4102 difficultatis,
1343 4033 1371 4085 nt
1385 4019 1427 4081 stlt

244 4110 342 4202 potios
363 4117 452 4199 plana
469 4140 537 4180 esso
555 4119 651 4181 omnia
668 4116 753 4179 dicat.
787 4116 838 4178 llle
856 4117 931 4179 enim
948 4117 1110 4194 contendit,
1128 4117 1265 4200 Cypriani
1287 4109 1427 4192 martyrius

244 4212 299 4269 snb
314 4208 412 4269 Fusco
431 4214 459 4267 et
472 4209 565 4288 [lasso
583 4228 660 4268 coss.
677 4226 753 4266 anno
764 4204 893 4279 Domini,
911 4207 1073 4267 secundum
1089 4216 1198 4268 rectam
1213 4224 1231 4267 a
1248 4225 1280 4266 so
1294 4200 1426 4263 instruar

215 4344 217 4353 .
246 4295 483 4375 chronologiam,
503 4295 703 4356 ducentesimo
726 4292 912 4373 sexagesimo
932 4289 1024 4373 pri'mn
1043 4292 1196 4370 accidisse,
1221 4303 1252 4356 nt
1267 4293 1346 4364 adeo,
1362 4284 1384 4346 oi
1399 4279 1427 4340 tl

147 4406 151 4412 “
246 4405 281 4444 eo
301 4403 377 4444 anno
397 4404 492 4464 nsque
515 4385 553 4443 ad
570 4402 678 4443 annum
696 4379 770 4444 302.
789 4402 929 4443 numerus
948 4390 1130 4462 supputetur,
1154 4381 1224 4444 onai
1241 4380 1307 4443 bant
1323 4372 1427 4457 qnndtt·

246 4471 328 4549 ginta
353 4482 382 4531 et
405 4491 482 4532 nnus
498 4471 543 4550 rel
568 4473 637 4548 duo,
657 4468 682 4531 si
706 4473 802 4549 ambo,
826 4471 876 4552 qni
893 4469 1014 4532 extremi
1034 4481 1111 4549 sunt,
1137 4469 1206 4533 anni
1223 4455 1428 4532 rememinelo-
