3067 5075
268 244 336 340 286
423 238 427 245 ’
465 235 471 243 ’
655 242 1113 327 xtrasmrrtauoeter
1152 330 1158 341 .

272 424 359 498 brut,
384 421 454 495 dare
467 418 623 496 solebant,
646 420 682 483 ut'
695 421 883 483 absumerent
898 419 1031 502 illudque
1055 442 1093 499 ex
1109 422 1323 487 comunibus
1338 425 1448 487 ratrsth

272 509 355 573 sima.
398 506 555 587 Nicephor.
582 505 698 570 Callist.
719 507 787 573 bist.
811 507 1023 588 ecel.17,25.
1064 507 1149 573 illine
1173 508 1317 572 ecclesias
1340 506 1448 592 reliquiae

216 592 218 599 ’
272 597 497 670 comburebant,
515 590 650 657 videlieet
666 616 700 657 eo
721 596 869 677 ternpore,
892 616 950 678 qno
966 597 1306 660 transsubstantiationis
1322 610 1448 661 monum·

174 727 179 737 ·
271 678 370 747 adhoc
385 682 589 762 ignorabatur.
628 682 774 746 Privatam
793 683 1022 747 communionem
1040 685 1144 766 priscis
1163 684 1307 746 suissuia
1325 706 1449 762 nsn,nor

268 772 435 846 audiemus.
460 770 492 831 ld
511 771 763 834 commemorabile
783 781 838 845 est,
857 773 933 852 qnod
954 771 1085 833 relernnt
1100 776 1136 835 de
1153 773 1295 852 episeopo
1310 772 1448 853 Paris.,qri

268 860 337 931 ,ooo
354 857 578 937 cognominatur
594 869 622 918 et
637 879 697 921 sec.
707 860 772 923 Xll.
785 859 866 921 vixit.
892 859 950 941 Hie
968 860 1044 921 enim
1059 860 1269 922 eucharistiam
1285 881 1347 921 eun
1362 860 1447 923 ladius

207 983 211 991 ,
272 946 409 1008 adhibitis
433 945 520 1007 certis
544 945 700 1008 cantilenis
723 949 759 1008 ad
785 954 925 1027 aegrotos
946 946 1015 1009 lerri
1044 958 1072 1011 et
1096 949 1202 1010 obrius
1229 947 1317 1010 simul
1340 946 1448 1027 religiose

196 1038 203 1047 '
271 1022 370 1114 ghaun
386 1034 503 1096 lleeterc
518 1032 621 1115 jussit,
634 1055 699 1098 cnm
717 1037 858 1096 sacerdos
876 1054 941 1096 eoru
957 1034 1053 1097 hostia
1070 1035 1255 1116 praeteriret.
1273 1068 1309 1081 ·-
1337 1037 1361 1116 h.
1375 1037 1414 1097 m.
1425 1034 1448 1095 ln

272 1122 443 1202 antiquitate
467 1120 612 1182 notabiles
634 1132 702 1182 snut
729 1122 841 1205 aliquot
871 1123 1106 1185 communionum
1132 1123 1262 1205 species.
1308 1120 1446 1195 Korrorlnr
1487 1164 1488 1219 q

273 1207 335 1270 cair
351 1203 466 1268 deiude
488 1192 601 1269 citra
611 1229 689 1281 rnen
707 1209 914 1291 interpretatur
928 1197 988 1290 cipe
1003 1198 1080 1287 μετὰ
1097 1208 1160 1271 cuir
1175 1206 1299 1270 uuordo
1312 1206 1447 1269 κοινωνίαν.

272 1294 469 1359 Bellarminas
503 1297 734 1359 communionem
761 1298 823 1360 rult
846 1295 973 1377 intelligi
1000 1299 1058 1358 sub‘
1085 1318 1144 1359 una
1171 1296 1292 1378 specie,
1324 1297 1369 1356 sed
1386 1296 1447 1377 ,baur

274 1382 429 1446 discrimen
448 1392 639 1459 tanturn-esse
657 1384 687 1445 in
705 1385 824 1459 ordine,
843 1395 972 1466 tempore
989 1397 1017 1446 et
1032 1385 1108 1463 loeo,
1127 1385 1269 1447 monitum
1288 1390 1339 1444 est
1369 1379 1447 1441 Clerici

272 1472 370 1553 prius,
399 1471 466 1532 laici
490 1481 556 1551 post
577 1492 629 1533 eos
654 1471 748 1537 ibant.
793 1472 900 1535 Clerici
925 1458 1012 1543 ἐντὸς
1033 1470 1090 1535 τοῦ
1107 1468 1340 1553 decipnqur'on
1359 1468 1384 1528 ir
1402 1467 1445 1546 ipse

271 1561 377 1636 choro,
394 1556 463 1619 laici
478 1565 561 1620 extra
577 1559 697 1621 chorum
713 1579 739 1622 s.
755 1558 861 1641 synaxi
878 1560 1068 1636 fruebantur,
1089 1559 1118 1621 in
1136 1581 1196 1641 qno
1213 1556 1388 1620 consentiunt
1400 1554 1445 1634 plu·

168 1676 173 1685 x
271 1646 335 1707 rina
361 1644 587 1725 pontificiorum,
612 1658 640 1708 et
663 1656 731 1709 aute
758 1657 874 1728 etpost
901 1646 1109 1709 Bellarminum
1131 1649 1191 1710 bne
1215 1645 1363 1708 nobiscum
1383 1639 1445 1704 adir-

271 1742 394 1793 rnantes.
440 1731 572 1793 clericos
596 1742 713 1815 propter
737 1742 888 1815 peceatum
915 1735 1101 1797 commissam
1126 1758 1163 1799 ex
1189 1734 1293 1796 ordine
1309 1730 1445 1792 clericomn

179 1884 182 1895 ,
271 1819 411 1898 dimissos
427 1819 502 1881 inter
519 1819 612 1881 laicos
629 1823 793 1888 consistere
809 1824 977 1903 oportebat,
993 1823 1079 1884 imaro
1095 1823 1123 1883 hi
1141 1821 1374 1904 aliquando'ipsa
1388 1835 1445 1877 ruu-

161 1924 164 1931 “
272 1907 407 1971 munione
425 1907 501 1968 laica
516 1910 701 1974 arcebantur.
741 1908 899 1970 Korrmrr'n
922 1907 985 1970 τῶν
1000 1903 1250 1990 ‹inodqporierme
1265 1919 1340 1984 crat,
1360 1903 1444 1985 quande

271 2015 394 2075 peregre
410 1995 581 2058 advolantes
598 1994 698 2059 otenel
719 2017 786 2059 eum
803 1996 919 2060 clericis
937 1997 965 2057 in
983 1999 1070 2058 choro
1093 1998 1310 2072 consistebant,
1332 2015 1354 2056 s.
1368 1987 1444 2072 syctxl'

271 2085 465 2147 utebantoret
482 2105 546 2146 cnm
564 2084 681 2146 clericis
696 2085 793 2147 cornia
809 2095 1084 2165 practersacrorum
1102 2084 1374 2147 administrationem
1387 2096 1443 2139 cou-

270 2171 370 2232 munia
394 2172 551 2234 habehant.
600 2172 746 2233 Notabilis
772 2181 818 2233 cst
841 2171 1006 2234 communio
1029 2172 1355 2253 praesanctihcntorum
1394 2163 1444 2260 Etsi

271 2259 355 2323 etiarn
382 2257 540 2338 peculiaris
564 2260 836 2323 catechumenorum
863 2259 1043 2333 communio,
1076 2280 1135 2341 qna
1157 2258 1295 2341 baptismi
1319 2251 1442 2316 candidatu

269 2346 425 2408 bustulam
450 2346 534 2424 panis
559 2356 589 2406 et
611 2345 685 2407 salis
709 2346 853 2408 benedicti
876 2347 1010 2410 dabatur.
1050 2345 1227 2417 Communia
1246 2342 1443 2407 moribundam·
1487 2338 1488 2393 l

268 2444 334 2514 post
350 2432 475 2503 scell.
494 2432 632 2512 paulatim
649 2432 766 2515 irrepsit
781 2437 858 2512 apnd
875 2434 1058 2497 Christianos
1074 2436 1194 2500 seclll.
1213 2442 1242 2496 ct
1258 2453 1336 2513 seqq.
1351 2422 1442 2502 religio·

161 2549 164 2558 «
269 2542 333 2582 surra
352 2540 418 2584 esse
437 2520 532 2600 coepit
558 2519 587 2580 in
605 2520 749 2599 eccelesia,
773 2544 810 2583 ne
827 2520 931 2584 infirmi
954 2524 1066 2605 absque
1091 2522 1274 2586 eucharistia
1292 2520 1442 2608 maroneam

243 2606 387 2690 ,interim
413 2607 593 2680 moribundis
616 2630 642 2670 s.
668 2609 792 2691 synaxin
820 2609 931 2671 seculis
948 2611 969 2671 Ι.
988 2610 1024 2672 il.
1043 2620 1071 2671 et
1086 2630 1167 2691 seqq.
1194 2631 1264 2673 esse
1287 2610 1372 2668 datam
1391 2594 1441 2658 nub

269 2695 445 2758 dubitamus.
490 2695 652 2759 Utebantnr
675 2707 787 2759 vetares
810 2697 988 2760 eucharistia
1004 2696 1179 2777 aliqnando,
1205 2706 1322 2779 propter
1336 2704 1441 2782 perseru-

269 2783 380 2844 tionum
398 2794 425 2844 et
441 2783 540 2843 mortis
556 2781 704 2863 pericula,
721 2783 866 2863 qnotidie,
890 2785 978 2846 rnnlto
996 2785 1091 2863 magis
1108 2787 1356 2866 adpropinquante
1371 2782 1441 2836 wollt

268 2870 351 2932 bera.
399 2869 494 2934 Cone.
506 2871 571 2933 Nic.
589 2891 692 2932 moon.
709 2872 775 2935 Xll.
792 2872 901 2934 diserte
924 2873 980 2935 ait:
1012 2873 1105 2935 Vetus
1128 2883 1156 2933 et
1172 2873 1314 2936 canoniea
1336 2867 1376 2926 lex
1389 2874 1440 2920 nme

270 2980 385 3039 quoqne
402 2957 583 3021 servabitur:
603 2952 653 3019 ’Et
673 2982 721 3030 τις
737 2954 886 3038 diederici,
905 2956 963 3023 τοῦ
986 2954 1173 3035 δεσποτικοῦ
1194 2953 1321 3036 e'epodloe
1335 2940 1371 3029 μὴ
1384 2940 1441 3006 dno·

266 3045 450 3122 ursoclcdm.
492 3046 598 3109 Graeci
617 3057 714 3127 patres
733 3048 870 3111 dixerunt
886 3068 912 3109 s.
930 3067 1050 3108 coenam
1071 3047 1180 3108 idcireo
1198 3043 1298 3128 δῶρον
1312 3022 1440 3135 {heidelb

268 3121 404 3207 ἐφόδιον.
442 3132 523 3194 Male
541 3141 637 3196 bornen
655 3153 680 3197 s.
698 3155 790 3196 coena
813 3144 999 3214 eomparatur
1018 3150 1083 3195 enm
1105 3134 1292 3215 apophoretis
1314 3122 1440 3208 gentrlruu,

267 3220 319 3284 ubi
336 3219 438 3284 noricis
454 3222 531 3281 dona
547 3223 691 3282 dabantur
707 3210 893 3301 ἀποφόρητα
910 3221 1005 3298 dicta,
1027 3210 1111 3300 areph
1128 3218 1185 3283 τοῦ
1200 3215 1372 3299 ἀποφέρειν,
1385 3201 1439 3307 quel

268 3307 384 3366 domurn
401 3305 593 3384 deterreatur,
608 3307 714 3387 quibus
731 3307 874 3385 originem
891 3310 1033 3371 dederunt
1049 3309 1147 3386 luxus,
1157 3307 1285 3370 deliciae.
1296 3313 1326 3371 et
1338 3299 1439 3360 laserat-

267 3426 312 3460 π·-
328 3391 356 3472 §
377 3392 426 3453 19.
450 3393 608 3469 Narniam,
620 3392 705 3455 finem
723 3403 750 3455 et
767 3393 963 3458 definitionem
980 3416 1004 3460 s.
1023 3416 1134 3458 ucenae
1152 3396 1261 3459 videsis
1279 3390 1350 3472 apud
1364 3386 1438 3481 delltr

268 3500 316 3541 res
333 3476 499 3559 theologos.
538 3481 618 3542 later
633 3482 771 3563 adjuncta
788 3481 941 3563 praelucet
959 3483 1099 3547 sauctitas
1124 3482 1153 3546 ct
1174 3480 1339 3545 solennitas
1357 3479 1438 3563 ratiost

201 3612 204 3616 .
266 3565 343 3646 loci,
372 3567 509 3648 temporis
526 3579 555 3631 et
571 3569 820 3644 caeremoniarum
844 3581 985 3652 spectata.
1027 3553 1288 3652 Dispensabant's.
1302 3555 1437 3649 synaxim

266 3657 361 3719 sacris
378 3657 588 3734 aparentibus,
607 3659 730 3738 prirnum
746 3660 786 3732 ob
803 3658 1022 3738 persecutiones
1040 3658 1069 3719 in
1086 3659 1218 3740 cryptis,
1230 3639 1437 3748 cavernisbetlff·

266 3747 322 3807 bns
340 3744 477 3824 privatis,
496 3746 697 3823 coemeteriis,
713 3749 896 3827 postmodnm
913 3748 943 3807 in
959 3745 1094 3824 oratoriis
1112 3757 1139 3807 et
1156 3745 1286 3827 templis,
1309 3736 1437 3801 oteness

266 3833 372 3902 choro,
399 3830 485 3897 laicis
508 3843 590 3896 extra
615 3834 745 3896 eborum.
791 3834 856 3896 vid.
880 3833 945 3896 Aet.
968 3832 1077 3910 2463
1098 3832 1155 3910 20,
1175 3836 1205 3913 7.Ι
1231 3830 1331 3897 lcor.
1345 3810 1437 3896 ssew·

265 3919 450 3998 Quandoque
474 3920 649 3983 necessitate
673 3922 717 3983 sic
737 3922 860 4001 jubente
885 3932 967 3983 extra
997 3917 1104 4001 templa
1128 3930 1156 3981 et
1183 3926 1342 3985 conventus
1362 3913 1437 3995 totth

265 4005 536 4083 communicabant,
552 4018 658 4087 utpote
676 4008 817 4070 militibus
832 4008 862 4068 in
878 4008 1028 4087 granrine,
1053 3998 1240 4070 moribundis
1249 4008 1331 4086 atque¹
1345 3991 1435 4089 rucene

263 4094 339 4158 intra
356 4094 485 4174 privatos
501 4095 637 4173 parietes.
665 4096 872 4177 decipiebatur
888 4095 918 4156 in
935 4095 1094 4177 apostolica
1113 4096 1240 4159 ecelesia
1256 4095 1329 4157 cirea
1342 4080 1435 4146 mediant

264 4191 377 4248 noctem
393 4180 459 4243 Aet.
479 4180 532 4256 20,
549 4184 578 4244 7.
620 4183 729 4246 Postea
743 4204 859 4264 qnoque
875 4204 960 4246 mane
977 4194 1045 4246 ante
1060 4181 1135 4246 solis
1152 4191 1256 4260 ortum,
1270 4200 1323 4263 quo
1337 4174 1434 4268 (eppone

264 4278 426 4334 mareolas
443 4269 519 4332 sacri
533 4270 726 4336 habebantur.
753 4271 839 4332 Primi
850 4270 1018 4349 Christiani,
1028 4273 1135 4351 quibos
1146 4272 1291 4344 ardentior
1301 4258 1435 4342 initpmtas,

265 4358 303 4417 ob
327 4358 426 4419 rnortis
450 4356 613 4437 perieulum
640 4358 738 4420 mortis
764 4351 930 4431 deridesne
954 4360 1082 4441 quotidie
1105 4366 1299 4441 sumpserunt.
1340 4335 1434 4442 Dorou}

48 4441 49 4476 ³
138 4437 151 4460 ”
264 4443 393 4532 consilia
413 4465 505 4527 usqne
523 4448 559 4508 ad
578 4455 701 4510 aetatem
717 4446 1016 4532 Hieronpuridlomae
1035 4448 1106 4511 etin
1124 4447 1283 4530 Hispania,
1306 4422 1434 4501 ΜθὼθΙεωι
