3067 5075
227 289 272 362 12
459 283 486 292 λ’
509 395 516 402 .
586 293 722 366 xxttu.
739 305 744 310 '
763 294 805 364 ll.
820 293 881 363 bt.
897 279 1079 361 ’1111111111
1105 279 1110 332 Ῐ
1219 279 1223 286 ’

229 480 335 552 tatem,
359 479 496 555 parentes
512 470 656 536 interdum
673 479 702 535 et
716 480 858 553 cognatos
877 473 1069 549 deserebant,
1093 478 1121 534 et
1130 471 1303 554 profitentes
1315 471 1402 553 quod
1420 470 1452 533 ei

231 562 371 624 dederant
385 579 500 639 nomen,
524 558 685 637 molestias,
708 557 851 641 pericula,
877 560 1027 622 eruciatus
1043 562 1221 641 spernebant
1245 579 1281 621 ac
1297 578 1392 639 saepe
1408 578 1452 619 ne

231 648 334 711 mortis
349 647 466 728 quidem
491 657 568 710 metu
590 649 628 710 ab
645 640 791 710 ecelesiae
808 646 1011 708 communione
1033 649 1217 711 arcebantur.
1250 644 1453 727 antiquitatis

230 734 410 797 christianae
426 733 533 816 quibus
548 743 631 798 aetas
657 734 787 816 pepercit
809 743 995 797 monumenta
1020 754 1084 797 earn
1112 734 1223 814 spirant
1241 733 1388 816 pietatem,
1417 741 1455 794 ut

231 841 331 886 eorurn
347 831 483 885 auctores
500 822 550 883 toti
572 821 603 903 in
620 842 717 884 rerum
733 821 896 885 divinarum
920 820 1105 883 meditatione
1121 821 1215 883 inisse
1230 819 1454 898 intelligantur.
1490 843 1496 848 ·

230 910 433 991 Quaecunque
458 918 510 971 aut
532 908 589 969 sihi
614 919 664 971 aut
686 908 789 989 generi
812 908 949 972 humano·
963 907 1127 984 evenirent,
1154 909 1258 969 horum
1280 916 1453 988 tempora·
1533 942 1534 945 =

230 995 391 1060 Christiani
403 998 478 1072 Deo,
495 994 613 1057 numine
627 1016 682 1058 suo
696 1005 801 1059 cuncta
814 993 1000 1078 gubernanti,
1017 994 1192 1072 tribuebant,
1209 993 1306 1056 divina
1320 993 1452 1072 spiran-

229 1091 276 1146 tes
294 1084 421 1146 animum
437 1104 455 1144 a
471 1083 562 1144 rehus‘
577 1082 714 1145 humanis
728 1083 770 1145 ita
784 1087 956 1162 avocabant,
972 1091 1004 1143 ut
1015 1082 1093 1143 haud
1108 1081 1193 1163 panni
1211 1081 1352 1161 coniuges
1362 1082 1452 1141 adeo

230 1173 400 1232 desererent
416 1178 444 1231 et
459 1168 609 1231 hominurn
626 1170 803 1252 consortium
818 1170 965 1249 ingerent,
980 1168 1037 1229 Ilei
1049 1178 1078 1229 et
1088 1167 1199 1234 Christi
1215 1188 1313 1230 amore
1327 1167 1454 1246 hagra-
1533 1174 1534 1203 ³

230 1258 310 1330 baut,
328 1267 356 1320 et
372 1264 482 1319 tantum
499 1267 561 1342 erat
577 1255 785 1319 nonnullorum
801 1257 939 1320 arctioris
954 1276 1019 1320 eum
1036 1257 1100 1317 lleo
1117 1265 1146 1318 et
1162 1254 1280 1318 Christo
1297 1251 1455 1316 coniunc-

215 1339 319 1406 ‘tionis
328 1343 522 1430 desiderium,
544 1352 593 1422 nt,
617 1366 675 1426 qno
692 1344 779 1407 citius
795 1345 932 1408 eoelestis
949 1342 1109 1425 participes
1126 1340 1228 1405 fierent
1241 1339 1455 1417 beatitudinis,
1533 1334 1534 1353 ³

229 1430 286 1513 ipsi
310 1432 477 1514 martyrium
495 1441 668 1512 quaererent
678 1431 716 1509 l).
754 1421 977 1513 Neque‘rniruni
1000 1428 1092 1490 videri
1116 1437 1228 1509 potest,
1250 1427 1345 1490 inisse
1361 1423 1454 1490 han'c

231 1529 360 1582 veterum
385 1518 627 1581 Christianorum
640 1517 822 1598 religionem.
860 1516 935 1579 Nam
959 1514 1082 1597 primum
1106 1516 1280 1578 lleum·res
1297 1517 1455 1577 humanas
1533 1532 1534 1539 ¹

230 1605 391 1681 moderari,
414 1605 560 1666 bemineru
576 1615 643 1687 post
660 1614 779 1666 mortem
794 1605 859 1666 lore
876 1603 1072 1683 superstitem,
1095 1601 1254 1681 Christum,
1276 1622 1348 1684 qnae
1363 1621 1455 1681 ges·
1476 1620 1480 1632 ·
1533 1670 1534 1681 p

231 1693 337 1769 sisset,
362 1691 450 1753 ellei
474 1694 609 1755 mandato
633 1692 765 1773 gessisse
792 1693 982 1772 eumdemque
1007 1689 1103 1752 serius
1120 1691 1239 1754 uniusve
1256 1708 1454 1752 reversurum

225 1799 298 1857 ¹esse
315 1781 351 1842 nd
367 1778 577 1841 instituendum
593 1778 734 1842 iudicium
751 1777 892 1856 solemne,
914 1778 956 1840 ita
971 1777 1010 1839 iis
1026 1797 1200 1859 persuasum
1218 1790 1294 1855 erat,
1316 1785 1348 1837 nt
1362 1773 1455 1838 nulli
1533 1778 1534 1819 l

231 1865 276 1928 rel
299 1865 452 1929 levissima
475 1863 786 1944 dubitatiooriretur,
815 1866 963 1929 Norerant
984 1861 1069 1947 primi
1085 1865 1265 1943 Christiani,
1290 1882 1362 1945 quae
1385 1884 1455 1927 nos
1533 1924 1534 1951 ,

231 1954 352 2016 eredere
367 1955 517 2016 dehemus.
558 1955 651 2017 Erant
677 1954 753 2016 enim
771 1962 822 2016 aut
835 1953 893 2034 ipsi
919 1951 1143 2029 miraculorum,
1167 1973 1242 2034 qnae
1259 1949 1398 2014 Christus
1421 1960 1457 2014 et

231 2040 355 2124 apostoli
372 2041 529 2118 iaciebant,
553 2051 743 2125 spectatores,
760 2053 811 2104 aut
827 2041 958 2103 nuntium
974 2042 1125 2117 derebus,
1141 2059 1160 2101 a
1176 2038 1301 2100 llomino
1318 2036 1456 2117 eiusque
1533 2106 1534 2111 η

230 2129 428 2210 praeconibus
452 2129 561 2209 gestis,
586 2130 678 2191 abiis
701 2138 891 2210 acceperant,
916 2131 953 2191 ad
971 2148 1045 2210 qnos
1061 2125 1091 2188 et
1115 2126 1196 2209 ipsos
1217 2124 1316 2207 aliqua
1340 2143 1454 2186 earum

233 2236 301 2293 pars
319 2216 499 2294 pertinuerat
509 2213 566 2291 **).
595 2216 680 2289 Quae
696 2225 794 2276 nutem
812 2215 905 2276 oculis
923 2215 1084 2277 cernuntur
1099 2222 1126 2275 et
1143 2212 1341 2294 percipiuntur
1357 2213 1455 2272 auri-

231 2302 303 2378 bus,
327 2300 433 2364 lortius
455 2297 565 2360 leniunt
587 2300 715 2361 animum
740 2300 826 2380 eique
848 2299 937 2361 altius
960 2300 1135 2378 infiguntur,
1162 2320 1247 2379 quam
1266 2318 1339 2379 quae
1361 2309 1455 2361 mera

230 2385 297 2462 lide,
315 2396 366 2448 aut
381 2384 521 2447 historica
536 2393 589 2446 aut
603 2385 718 2459 rnorali,
732 2386 928 2448 continentur.
963 2386 1089 2466 Quoque
1106 2385 1214 2447 certius
1231 2385 1281 2447 tihi
1299 2384 1453 2448 derebus

231 2472 337 2535 divinis
352 2491 528 2553 persuasum
546 2482 605 2552 est,
630 2493 665 2534 eo
688 2471 785 2554 tnagis
809 2471 974 2552 cogitandis
998 2471 1035 2533 iis
1059 2474 1097 2533 ad
1120 2472 1256 2554 pietatem
1287 2472 1455 2537 adducaris

232 2581 354 2623 necesse
371 2568 424 2624 est.
464 2560 578 2621 Deinde
603 2556 718 2640 plurimi
741 2560 901 2640 primorum
918 2558 1151 2622 Christianorum
1168 2570 1251 2622 erant
1266 2558 1299 2620 ie
1313 2556 1369 2637 τῆς
1382 2580 1456 2621 rre-

234 2645 374 2732 ριτομῆς.
413 2647 514 2709 ludaei
531 2656 627 2710 autem
644 2648 808 2726 religione,
830 2646 1008 2708 theumatira
1025 2647 1274 2724 civitatis'lorrua,
1297 2646 1370 2710 ritae
1385 2647 1455 2707 do-

233 2736 372 2797 mesticae
391 2733 500 2812 pariter
523 2754 558 2796 nc
575 2734 650 2801 ritae
665 2733 805 2814 publicae
828 2728 967 2795 institutis
987 2732 1027 2794 ita
1050 2736 1087 2795 ad
1105 2734 1479 2814 pietatem‘duoebaatur,.

230 2830 263 2882 nt
279 2821 310 2881 in
326 2819 407 2881 nullo
423 2810 512 2882 lacile
529 2819 637 2902 populo
654 2821 747 2885 maior
772 2830 852 2883 esset
877 2840 948 2899 erga
964 2818 1059 2883 ileum
1083 2820 1248 2884 reuerentia
1272 2830 1300 2882 et
1316 2819 1454 2898 diligen·
1533 2857 1534 2878 r

187 2927 192 2932 ·
231 2907 289 2970 tius
305 2927 402 2988 rerum
420 2926 571 2970 sacrarum
591 2909 734 2971 studium.
772 2910 859 2988 Quae
881 2908 996 2990 quidem
1021 2908 1131 2988 pietas,
1157 2902 1327 2969 hereditatis
1341 2904 1413 2984 lege
1432 2929 1455 2970 a

232 2995 364 3075 patribus
379 3006 510 3077 accepta,
533 2996 565 3057 in
581 2996 710 3083 ludaeis,
734 2996 907 3076 religionem
924 2996 1112 3057 christianam
1130 2993 1290 3074 amplexis,
1314 3013 1373 3053 non
1389 2993 1454 3055 de-

95 3140 131 3167 -.
194 3081 304 3160 ¹leta,
327 3083 386 3145 irno
403 3084 487 3162 regni
504 3084 649 3145 Moesiaci
668 3104 758 3164 prope
773 3081 909 3143 instantis
928 3083 1145 3160 exspectatione
1159 3100 1343 3159 summopere
1357 3090 1455 3144 ancta
1532 3118 1533 3145 1

231 3178 285 3232 est.
318 3171 396 3230 luter
410 3169 572 3239 Romanus,
597 3169 657 3248 qui,
682 3188 792 3247 exque
809 3178 937 3246 tempore
954 3167 1141 3247 pbilosophis
1157 3162 1267 3247 graeca
1282 3166 1314 3229 in
1330 3163 1453 3230 ltaliam
1532 3186 1533 3243 ἴ

231 3254 417 3334 migrar‘erat,
441 3256 515 3323 deos
534 3253 628 3315 ridere
644 3263 812 3334 coeperant,
831 3262 914 3317 erant
930 3254 1045 3337 quidem
1062 3254 1099 3316 iis
1116 3254 1203 3337 ipsis,
1221 3253 1328 3339 quibus
1346 3252 1454 3317 eccle·
1532 3260 1533 3321 Ῑ

242 3417 468 3432 m

277 3504 1335 3578 ’,1)ν.11111111111111111111111111111ῑί1111111111.1111111733.’·
1415 3530 1422 3541 “
1532 3550 1533 3569 ;

298 3575 338 3636 *il
359 3560 533 3645 Neqnemodo
552 3579 726 3646 apostolorum
745 3586 843 3645 aetate,
862 3597 951 3632 verum
972 3583 1049 3633 etlam
1069 3580 1226 3648 temporibus
1244 3595 1301 3635 enm
1320 3581 1451 3635 tumentis

114 3662 117 3671 ¹
231 3648 294 3699 fides
319 3647 524 3700 Christianorum
550 3664 669 3713 sensuum
699 3650 846 3700 testimonio
863 3649 1012 3702 nitebatur.
1048 3649 1113 3701 Num
1138 3664 1225 3699 omnes
1249 3649 1304 3701 lere
1332 3651 1451 3717 priorum

230 3717 393 3766 saeculorum
411 3718 561 3782 scriptores,
582 3717 699 3766 Iustinae
715 3720 823 3783 Merope
840 3717 964 3785 (Apolog.
984 3718 1018 3769 ll.
1038 3733 1062 3768 e.
1078 3718 1130 3778 6.),
1148 3721 1274 3777 Irenaeae
1292 3717 1365 3781 (adv.
1385 3720 1451 3770 hue·

231 3800 273 3836 res
293 3783 322 3835 L.
343 3782 376 3834 ll.
397 3781 421 3834 e'.
441 3784 484 3836 31.
504 3783 535 3835 L.
554 3783 587 3836 V.
606 3801 630 3835 c.
650 3785 676 3836 ti.
699 3785 758 3835 coll.
779 3785 875 3837 Euseb.
895 3788 921 3837 in
941 3785 973 3837 ll.
993 3785 1025 3836 ll.
1045 3785 1076 3835 L.
1097 3783 1130 3836 V.
1151 3799 1175 3834 c.
1195 3784 1246 3852 7.),
1267 3778 1451 3839 renuntiante

232 3853 277 3918 (de
296 3853 451 3919 praescript.
476 3853 535 3903 adv.
555 3854 656 3903 haeret.
676 3868 700 3904 o.
721 3854 763 3905 15.
789 3855 924 3921 apologet.
936 3869 968 3904 e.
987 3854 1031 3909 23.
1050 3850 1103 3909 27.
1117 3853 1160 3906 32.
1179 3853 1223 3905 31.
1252 3854 1285 3904 ad
1307 3854 1450 3921 Scapulam

231 3937 255 3975 c.
274 3920 336 3988 2.),
357 3921 502 3988 cyprianae
520 3919 568 3988 (de
587 3921 712 3974 idolorum
730 3924 814 3976 venit,
833 3939 857 3973 c.
876 3923 936 3991 1.),
957 3923 1093 3972 Mircurius
1109 3921 1187 3971 Felix
1204 3921 1311 3984 (Oetae.
1330 3938 1355 3972 e.
1374 3923 1449 3989 ab),

232 3991 361 4055 origenes
387 3995 492 4055 (contra
508 3988 580 4040 Cels.
602 3989 633 4041 L.
654 3989 675 4042 l.
695 4008 721 4058 p.
742 3993 767 4043 5.
787 3992 830 4042 34.
851 3992 893 4043 53.
913 3991 943 4041 L.
964 3989 998 4041 ll.
1016 4006 1046 4056 p.
1068 3989 1127 4043 124.
1149 3990 1190 4040 ed.
1208 3990 1332 4056 Spero),
1357 3995 1451 4053 Arno,-
1532 4034 1533 4041 ,

152 4114 155 4127 ἱ
230 4059 290 4109 biae
311 4057 385 4125 (adr.
408 4055 504 4108 Gentes
525 4059 557 4110 L.
577 4059 605 4109 1.-
617 4074 641 4109 c.
662 4060 736 4124 tu),
763 4075 830 4110 nuno
850 4061 987 4110 daemones
1008 4064 1054 4108 aut
1076 4073 1180 4124 precum
1201 4059 1370 4124 assiduitate,
1400 4068 1450 4113 nat

231 4126 317 4180 crucis
341 4127 414 4195 signo
436 4125 554 4191 lagatos,
580 4143 647 4178 nuuc
667 4128 770 4178 morbos
791 4129 848 4199 ipso
867 4128 921 4179 Deo
945 4127 1134 4178 interveniente
1154 4133 1276 4192 sanatos,
1303 4142 1370 4179 nuuc
1392 4128 1448 4180 alia

230 4196 357 4248 miracula
378 4203 588 4251 commemorant.
626 4194 697 4262 Quae
716 4212 868 4264 quamquam
890 4211 939 4246 non
959 4203 1035 4247 eraut
1051 4196 1186 4260 miracula,
1208 4201 1238 4245 nt
1254 4203 1313 4261 post
1329 4197 1448 4247 1111ᾰᾶ11-
1487 4222 1500 4241 .

164 4268 166 4275 ’
232 4273 319 4317 tenore
340 4264 442 4331 plurimi
461 4266 636 4316 recentiorum
658 4273 800 4333 temporum
828 4265 876 4316 viri
901 4264 970 4315 docti
988 4264 1338 4329 indicarunt,'bnbebantur
1358 4272 1447 4316 tamen

232 4347 279 4398 pru
293 4333 447 4398 miraculis,
466 4333 493 4387 b.
511 4349 536 4384 e.
550 4349 601 4401 pro
617 4336 735 4400 eventis,
755 4348 861 4401 quornm
880 4342 960 4397 eausa
979 4334 1128 4386 immediata
1144 4333 1214 4383 Dens
1228 4341 1314 4398 esset,
1333 4340 1360 4383 et
1378 4335 1446 4384 bane

232 4400 264 4450 ob
283 4406 388 4453 eausam
408 4418 440 4454 eo
459 4401 546 4454 lacero
566 4401 713 4469 debebant,
736 4411 766 4454 ut
784 4403 847 4453 fides
867 4400 1073 4456 Christianorum
1092 4402 1266 4468 argumentis,
1287 4417 1303 4456 a
1323 4416 1445 4457 sensuum
1532 4444 1533 4465 2

230 4469 378 4522 testimonio
400 4471 495 4540 (laetis,
517 4471 723 4525 confirmaretur.
