3067 5075
356 241 392 302 de
407 236 671 322 procrastinatione
686 223 834 321 baptismi
841 238 919 320 apud
933 246 1057 303 veteres.
1245 238 1310 305 127

89 414 161 477 tiam
179 432 248 476 esse
262 431 368 476 vanarn
384 434 440 476 nec
456 435 544 495 posse
561 415 605 477 eis
622 408 765 497 prolicere
782 412 818 475 ad
835 410 959 474 salutem
977 418 1004 472 et
1018 408 1215 512 praedicasse,
1240 413 1310 475 nul-

88 503 150 564 lam
167 523 250 583 speru
267 501 351 582 pacis
368 512 397 564 et
413 503 633 566 misericordiae
649 503 751 582 lapsos
768 502 891 577 habere,
917 496 1032 560 refert
1021 509 1143 579 rgentus
1160 511 1257 562 auctor
1272 503 1311 564 ad

89 597 287 653 Necatiaaum
301 594 483 665 haereticam,
509 591 596 673 cujus
612 598 726 653 tractat.
744 597 824 652 extat
839 588 870 649 in
888 586 1026 668 Cypriani
1043 608 1109 669 opp
1128 588 1310 668 appendie03

88 676 151 742 rid.
171 678 257 739 etiarn
268 677 465 760 Hieronymus
481 679 602 760 passim,
619 700 648 744 r.
666 700 692 742 c.
710 680 747 739 ad
763 678 838 739 Hos.
854 696 880 739 e.
896 676 946 751 14,
963 677 999 736 33
1016 674 1065 737 Ps.
1080 676 1131 750 116,
1149 679 1186 737 33
1201 675 1267 739 Gal.
1278 679 1310 754 4,

91 768 109 828 l
130 765 202 828 Cor.
220 767 250 844 3,
269 767 294 827 ’2
312 767 380 830 Cor.
401 768 451 843 12,
474 766 549 830 Joel.
566 767 597 831 2.
621 777 649 829 et
665 766 850 828 Sozomeuus
879 762 960 846 (hist.
979 760 1052 825 ecel.
1070 760 1100 840 6,
1121 763 1236 846 21.)*).
1272 765 1311 826 111

88 853 136 915 313
162 854 235 916 haec
258 854 483 934 procrastinatio
501 854 612 918 sensim
636 854 762 937 majores
787 850 865 917 vires
890 850 1048 931 acquirens
1072 871 1196 933 seseque
1221 850 1311 916 latius

87 940 262 1004 'diffundens
278 962 338 1005 sec.
354 943 513 1025 praecipue
525 943 556 1004 4.
574 943 605 1003 iu
621 963 730 1004 morem
744 940 823 1003 verrit
838 939 1006 1002 diuturnum
1023 949 1051 1001 et
1068 937 1311 1019 extirpatudiffi·

89 1029 190 1107 311313,
213 1029 284 1092 11331
299 1031 424 1092 decretis
440 1030 470 1091 iu
488 1029 622 1094 conciliis
640 1029 831 1110 Carthagine,
853 1029 977 1106 Romae,
995 1027 1168 1090 Antiochiae
1185 1026 1264 1107 latis,
1282 1040 1311 1092 et

87 1116 226 1198 inprimis
245 1118 276 1178 iu
294 1113 1022 1181 3333111333333333133111333333326136113
1047 1135 1112 1176 ran.
1131 1116 1160 1180 8.
1189 1138 1310 1198 eampo·

89 1204 161 1267 sitio
179 1203 346 1268 schismatis
364 1204 517 1268 Novatiani
534 1216 652 1269 tentata.
666 1239 703 1253 -
724 1206 752 1290 §.
771 1205 801 1266 6.
819 1204 963 1284 Exempla
979 1202 1122 1284 ejusmodi
1138 1204 1206 1278 seri,
1223 1206 1310 1268 immo

89 1294 128 1354 ad
144 1290 278 1355 ultimam
293 1315 503 1375 nonnunquam
520 1293 596 1356 ritae
617 1295 718 1355 horam
734 1290 941 1374 procrastinati
959 1290 1109 1370 baptismi,
1135 1293 1310 1356 3331333331

89 1381 125 1442 13
138 1390 255 1461 promtu
266 1392 342 1458 suut,
358 1385 396 1444 ab
413 1381 602 1463 optimatibus
618 1402 687 1443 raro
702 1388 731 1443 31
748 1375 916 1461 praecipuis
931 1378 963 1439 in
980 1377 1107 1440 ecelesia
1120 1391 1148 1440 et
1158 1382 1311 1463 republica

89 1471 235 1547 3333313,
261 1470 330 1551 quia
344 1471 449 1532 horum
466 1471 586 1544 saltem,
611 1489 668 1533 ron
686 1488 756 1532 rere
776 1465 956 1549 plebeiorum
972 1467 1120 1528 homiuum
1139 1471 1311 1534 conservari

88 1556 335 1621 3331333333.
419 1588 422 1596 ·

180 1644 311 1707 Primum
335 1649 413 1726 quod
437 1646 537 1709 adiero
556 1643 594 1706 sit
610 1616 717 1706 133331
734 1641 817 1704 111133
833 1641 1006 1721 1133311331,
1031 1646 1067 1706 33
1085 1666 1143 1726 quo
1160 1645 1310 1712 Eusebius

63 1731 176 1812 ¹(hist.
195 1732 267 1794 ecel.
286 1730 316 1811 6,
335 1736 401 1817 33.)
426 1756 463 1796 ex
481 1731 607 1815 epistola
624 1731 755 1795 Cornelii
779 1733 817 1793 ad
834 1730 1000 1793 Fabianum
1018 1732 1190 1796 Antiochiae
1216 1737 1308 1817 episc.
1366 1772 1375 1783 ÷

88 1831 220 1898 enarrat,
244 1782 322 1902 quod
338 1821 441 1882 idem
432 1842 498 1902 rpse
516 1819 721 1882 Novatiauus'
712 1841 742 1879 rrr
757 1820 911 1902 juveutute
929 1820 1032 1900 spirita
1048 1820 1197 1885 immundo
1214 1844 1309 1886 vexa-

89 1918 140 1971 tus
157 1910 196 1970 sit
213 1917 323 1970 etcum
348 1916 462 1990 tempus
486 1907 605 1989 aliquod
630 1907 842 1971 consumsisset
865 1908 944 1986 apud
969 1909 1131 1971 exorcistas
1154 1912 1309 1991 (aquibus

89 1996 199 2078 spiritu
214 1995 266 2057 illo
284 1996 432 2058 immunde
449 1996 591 2058 liberatus
608 1998 682 2075 est),
705 1993 945 2075 aegritudinem
938 1996 1091 2056 ruearrerit
1108 2019 1243 2077 gravem,
1269 2002 1310 2063 113

90 2097 125 2147 31
147 2087 357 2164 desperaretur
373 2094 401 2147 et
417 2085 527 2188 quod
516 2105 620 2165 Jaceus
637 2084 667 2143 iu
690 2083 766 2144 le'cto
789 2103 842 2162 pro
860 2081 1035 2144 necessitate
1052 2104 1128 2164 aqua
1146 2087 1309 2150 circurnfu-

87 2191 145 2235 333
162 2172 200 2234 311
222 2169 459 2275 necflreliquara
482 2193 517 2234 eo
543 2193 618 2253 quae
643 2170 818 2252 baptismum
842 2169 986 2251 subsequi
1010 2170 1121 2250 solent,
1147 2174 1310 2239 solenniter

87 2259 252 2341 adimpleta
268 2260 336 2322 siat.

177 2349 271 2410 Porro
290 2348 401 2429 primus
418 2347 604 2412 Christianus
622 2346 778 2428 imperator·
796 2344 1008 2408 Constantinus
1016 2345 1069 2428 M,
1088 2369 1137 2429 qur
1130 2346 1230 2412 hauc
1246 2373 1307 2416 rem

90 2446 149 2500 tam
166 2439 288 2498 arduam
306 2447 334 2498 et
350 2436 427 2497 omui
443 2446 525 2518 parte
542 2434 679 2510 divinam,
698 2437 735 2496 33
752 2433 881 2497 ultimam
898 2434 1074 2515 fatalemqae
1092 2436 1192 2499 horam
1209 2461 1306 2502 reser-

89 2523 187 2604 33311,
205 2546 232 2589 a
252 2525 326 2589 337.
343 2524 506 2587 breviante
523 2534 641 2586 mortem
659 2522 848 2586 Nicomediae
864 2525 902 2585 ab
919 2523 1051 2585 Eusebia
1068 2523 1099 2585 iu
1118 2524 1192 2588 13313
1211 2529 1308 2610 bapti-

89 2622 195 2688 zatus3
220 2615 299 2674 unde
316 2622 344 2675 et
359 2610 492 2674 nonnulli
510 2632 610 2674 veram
627 2612 709 2674 illum
727 2610 924 2674 Christianum
942 2611 1036 2675 fuisse
1053 2624 1208 2693 negarunt,
1226 2618 1308 2681 dubii

89 2700 197 2764 redditi
221 2699 278 2763 hae
307 2700 446 2781 baptismi
470 2699 643 2762 initiationis
666 2698 846 2762 christianae
872 2702 908 2761 ad
940 2698 1026 2761 linem
1057 2703 1133 2764 ritae
1157 2701 1307 2769 dilatione.

89 2790 180 2851 11333
199 2789 266 2871 ejus
283 2790 458 2870 baptismum
476 2797 593 2869 praeter
608 2787 807 2848 Eusebium
826 2787 877 2869 (de
894 2786 954 2848 vita
968 2787 1064 2867 ipsius
1080 2787 1110 2863 1,
1128 2792 1179 2856 61.
1196 2793 1308 2871 3161.)

91 2880 246 2939 33333131
269 2888 412 2940 testantur
427 2877 620 2939 Socrates
644 2872 728 2946 (hist.
747 2872 821 2943 ecel.
841 2874 972 2954 1,39.),
998 2875 1236 2942 Sozomeuus
1261 2879 1308 2962 (2,

90 2965 465 3043 37.),’1“11333333133
483 2966 527 3043 (l,
544 2964 621 3043 32),
636 2963 898 3044 Hieronymus
915 2960 945 3021 iu
964 2960 1101 3024 chronico
1118 2965 1308 3047 Eusebian03

91 3051 160 3117 coll.
179 3053 266 3115 aar.
283 3053 377 3115 Saul
388 3052 458 3115 teti
486 3055 591 3128 corrfnt.
607 3053 806 3133 disputationis
824 3055 941 3111 Baronii
957 3052 990 3111 de
1005 3052 1079 3131 bapt.
1100 3057 1191 3114 Coaet.
1209 3054 1307 3136 (Nea-

88 3140 178 3206 stadii
200 3139 322 3217 leoz),
349 3142 432 3204 Chr.
451 3138 988 3217 (13113311333311113133331313
1006 3146 1130 3219 prtaotpo
1154 3143 1308 3206 ’christiaco

71 3242 138 3294 rete.
157 3227 271 3310 (Halae
289 3226 399 3312 1698.)
417 3228 445 3311 §.
464 3229 503 3291 31
522 3249 604 3309 seq.;
631 3226 665 3289 C.
682 3227 714 3289 S.
731 3224 1077 3288 Sehurzlleischii
1102 3230 1204 3291 1113313.
1228 3240 1308 3294 3311-

87 3326 157 3400 qrrit.
179 3322 267 3396 primi
288 3321 381 3379 christ.
404 3323 582 3397 imperatoris
606 3312 873 3396 (1133311373.)
899 3310 926 3394 §.
945 3316 994 3376 16.
1031 3315 1077 3377 113
1101 3336 1193 3380 33333
1216 3318 1306 3401 hujus

88 3402 367 3487 procrastinatioais
382 3404 459 3466 13133
477 3404 619 3467 3133333.
657 3405 701 3464 dn
718 3422 787 3463 vero
805 3403 1031 3464 catechumenas
1049 3413 1135 3465 33133
1152 3404 1251 3485 fuerit,
1276 3406 1309 3469 iu

88 3492 401 3576 quaestionemveuit.
436 3491 494 3554 1111
512 3499 632 3571 negant,
656 3488 707 3552 alii
722 3489 754 3549 iu
770 3488 865 3551 medio
882 3488 1059 3570 relinquunt.
1097 3492 1172 3553 Rem
1189 3514 1258 3554 vero
1274 3515 1308 3558 se
1375 3529 1377 3542 ‹

87 3582 130 3644 ita
147 3582 270 3658 babere,
289 3581 319 3642 iu
337 3579 456 3642 dubium
473 3578 574 3642 vocari
589 3578 699 3659 nequit.
738 3576 857 3639 Scimus
876 3576 952 3639 euim
970 3576 1145 3660 Helenopoli
1163 3579 1239 3642 iuter
1256 3601 1308 3645 ca-

83 3711 334 3728 mun—

159 3767 188 3832 *)
208 3768 324 3822 Fuerunt
341 3768 459 3837 quidem,
487 3769 533 3821 sed
552 3765 640 3820 errant
659 3782 715 3818 cum
735 3764 848 3819 Eusebio
871 3767 946 3831 (bist.
966 3770 1031 3820 eccl.
1051 3767 1075 3833 6,
1092 3768 1149 3833 2³)
1176 3776 1306 3838 putantes,

86 3840 253 3893 Novatieuos
272 3845 331 3907 post
348 3842 480 3906 peractum
500 3837 681 3906 baptismam'
674 3853 700 3887 ru
721 3838 818 3888 crimea
840 3837 943 3902 aliquod
964 3839 1050 3905 lapsos
1070 3840 1137 3889 aurai
1156 3854 1201 3906 spe
1223 3848 1309 3893 actor·

88 3926 140 3961 nae
161 3908 257 3959 salutis
280 3910 413 3975 privasse,
439 3924 516 3976 quum
541 3922 556 3958 a
581 3907 758 3958 commuuione
781 3906 908 3958 ecelesiae
933 3907 991 3958 illos
1012 3909 1105 3960 saltem
1130 3911 1307 3977 excluserint·

88 3977 210 4059 quamvis
237 3978 304 4028 haud
326 3979 403 4045 pauci
428 3978 504 4044 hujus
530 3977 588 4029 aovi
613 3976 758 4028 bominum
768 3977 815 4028 bos
835 3983 862 4028 et
888 3977 960 4028 33313
989 3978 1108 4030 exclusos
1137 3979 1192 4030 lere
1218 3980 1309 4032 eristi·
1357 4011 1359 4015 >

87 4047 220 4100 moverint
242 4048 420 4128 neminemque
441 4047 581 4099 3113313
602 4046 712 4109 gratiam
737 4047 834 4113 recipi,
863 4061 937 4113 qaeur
964 4048 1075 4099 ecclesia
1097 4062 1146 4101 neu
1168 4051 1305 4117 receperit.

88 4116 264 4170 Cassiodorus
283 4117 357 4179 (bist.
381 4116 483 4182 tripart.
503 4118 529 4179 2,
551 4116 607 4180 13.)
630 4116 755 4166 certiores
777 4131 823 4166 uos
843 4114 917 4180 13311,
939 4115 1058 4168 Acastum
1079 4115 1253 4169 Novatianum
1274 4117 1308 4186 ad

64 4185 370 4252 'Causmatirrumimp
391 4186 503 4249 dixisse,
526 4186 592 4258 quod
610 4201 660 4235 uon
680 4191 799 4251 oporteat
818 4200 879 4248 eas,
902 4181 946 4252 qui
963 4187 1167 4254 postboptisrua
1186 4181 1305 4270 peccaut,

88 4261 200 4323 peccato
220 4253 288 4322 quod
313 4256 346 4306 ad
365 4261 474 4306 mortem
493 4270 550 4305 esse
569 4251 714 4320 scripturae
738 4254 842 4304 divinae
866 4255 1056 4324 pronuntiant,
1075 4256 1307 4309 communicatione
1373 4307 1383 4320 ,

88 4331 313 4376 sacramentorum
332 4325 388 4375 lieri
408 4325 516 4387 dignos.
544 4325 624 4373 reae
624 4323 752 4372 evitandos
768 4324 870 4390 qnidam
890 4325 928 4373 ad
941 4317 1140 4407 poepr'ter'rte'am,
1159 4341 1228 4391 spem
1247 4342 1307 4377 erra

85 4394 247 4444 3333313311
265 4410 317 4444 nou
336 4412 353 4443 a
373 4393 563 4456 sacerdotebus,
583 4393 631 4444 aed
648 4411 666 4443 a
685 4393 1307 4462 1133333313333333,3313133333

86 4463 167 4515 taber
183 4471 296 4529 peccata
311 4463 467 4521 remittendi
