3067 5075
264 376 266 381 .
377 292 415 353 de
430 289 721 396 mermsmiorigine
738 292 952 358 et'mnle'lie'ne.
1089 276 1096 289 ⁸
1208 292 1272 358 ldd

141 468 188 531 An
203 466 335 549 deniqne
350 469 585 548 exorcisterium,
602 472 679 553 qued
695 469 727 532 in
740 468 810 532 libr.
824 480 915 536 contr.
926 469 1118 535 cresconium
1131 468 1274 548 observ),

61 557 109 625 mi
123 557 294 621 inservierit
308 555 356 619 vel
372 558 457 620 alteri
473 559 629 621 exorcismi
649 560 725 634 ritui,
742 559 822 621 clare
838 580 896 621 nnn
912 568 1044 642 apparet.
1066 559 1138 621 lilili
1156 558 1273 640 quidem

61 644 275 729 receptaculum
287 644 486 727 corporaliter
501 648 693 710 obsessorum
709 648 807 709 luisse
821 648 1001 730 videtur⁸*).

141 733 264 797 Sensim
288 736 438 796 autemid
462 754 559 814 ponus
583 737 738 798 exorcismi
764 735 915 799 evanescit
936 735 1122 817 retinentque
1143 744 1274 815 tempere

62 840 135 884 ιιιιιιιι
150 824 354 903 percurrendo
376 822 456 885 aliud
481 829 608 900 tanturn,
634 826 816 904 praecedens
832 844 873 887 sc.
893 824 1078 905 baptismum.
1109 855 1152 868 -
1187 820 1216 905 ᾗ.
1239 823 1272 885 ll.

62 911 189 991 Namque
207 909 352 972 omnibus
371 910 402 971 in
419 910 550 991 parvulis
567 920 636 973 note
651 912 826 992 baptismum
845 912 971 973 eeclesia
988 921 1018 973 et
1033 910 1147 974 Graeca
1163 920 1193 970 et
1208 910 1273 971 lle·

63 1018 141 1059 uana
157 997 308 1060 diabolum
325 998 456 1061 insidere
474 1001 641 1062 eredebant.
678 1000 808 1076 Accedit,
831 1002 908 1081 qued
927 1000 1097 1080 superstitio
1115 997 1273 1059 imbecilli-

64 1097 143 1146 tatem
159 1086 306 1148 laicorum
323 1108 461 1168 perquem
479 1100 635 1169 occuparet
652 1087 732 1169 iique
745 1087 911 1169 opinionem
926 1087 1034 1169 prioris
1048 1085 1152 1148 aetatis
1166 1105 1274 1147 vesane

65 1174 139 1253 qnasi
158 1175 272 1254 impetu
287 1175 458 1255 arriperent.
488 1175 614 1237 clericis
632 1184 738 1249 autem,
757 1196 832 1256 qnos
851 1176 877 1237 si
895 1174 1048 1255 respicias,
1068 1176 1104 1234 ad
1122 1173 1274 1252 ingenium

63 1262 173 1338 retusis,
200 1265 238 1322 ad
257 1281 355 1323 mores
371 1264 592 1343 vero‘perditis,
617 1263 858 1343 exoptatissimus
876 1283 942 1324 esse
960 1262 1034 1323 ritus
1052 1262 1186 1337 debebat,
1205 1282 1274 1342 qno,

65 1347 134 1411 sieut
148 1349 361 1426 integumento,
379 1371 463 1412 sumn
480 1349 668 1412 involvebant
684 1351 842 1428 inscitiam,
858 1350 1026 1411 nutriebant
1042 1348 1209 1429 snperbiam
1226 1346 1275 1409 al·

66 1437 117 1497 tius
132 1457 199 1499 sese
217 1437 369 1518 altiusque
385 1437 583 1500 extollentem.
621 1438 815 1500 Exoreisnrns
839 1459 910 1518 ergo
927 1437 957 1497 in
974 1437 1119 1518 baptismo
1137 1436 1274 1497 omnibus

68 1536 123 1586 eret
133 1525 164 1586 in
181 1536 337 1606 promptn3
362 1527 523 1588 vlnrtriuam
541 1547 611 1605 rerq
626 1527 683 1588 boo
700 1529 735 1603 de
752 1526 810 1587 ritu
826 1526 922 1605 nvagis
937 1524 1102 1587 invenimus
1120 1524 1275 1587 evolutam.

68 1612 152 1692 magis
167 1611 351 1694 divulgatam
369 1615 523 1695 magisque
540 1617 577 1675 ab
595 1614 710 1694 origine
726 1635 782 1676 sua
799 1613 935 1676 alienam.
1036 1634 1039 1642 ’

144 1701 289 1777 Quamvis
312 1702 387 1763 enirn
405 1702 537 1764 leidorns
559 1700 838 1783 Hispalensis·*⁸),
864 1699 1124 1781 Tbeodulpbns†)
1148 1717 1185 1759 ne
1206 1698 1276 1759 les·

68 1788 212 1867 seens††)
240 1789 325 1851 selas
340 1792 457 1870 quidem
475 1791 675 1872 adjurationes
691 1791 723 1859 in
740 1789 924 1869 baptizandis
947 1799 1173 1850 commemorent
1189 1782 1276 1847 adbi—
1368 1856 1382 1867 .

69 1876 188 1938 bretos:
211 1876 344 1940 *Ritnale
367 1888 462 1940 tannen
479 1879 662 1955 Romanum,
688 1887 719 1938 ut
734 1897 790 1937 nee
811 1878 1059 1953 incantantum,
1083 1878 1135 1937 sed
1154 1873 1277 1936 materie

71 1962 155 2040 eiam,
177 1985 234 2044 qua
253 1965 405 2046 baptizare
422 1965 566 2044 solebant,
591 1977 623 2026 ut
638 1966 668 2026 in
685 1986 801 2046 aquam,
826 1964 922 2027 oleum
942 1974 969 2026 et
986 1964 1078 2025 salem
1094 1963 1276 2024 exorcismos

71 2050 237 2128 adhiberent,
255 2054 507 2132 constitnit†††).

146 2139 208 2200 Non
228 2141 408 2221 praeseribit
424 2140 567 2223 ejusmodi
585 2141 700 2222 quidem
718 2140 913 2202 exorcismum
933 2136 1059 2199 eeclesia
1076 2137 1206 2214 Graeca,
1230 2145 1277 2198 al·

71 2234 153 2286 tanen
164 2248 270 2308 preces
285 2229 369 2291 mittit
384 2232 421 2292 ad
439 2241 568 2305 sanctos,
587 2249 623 2290 ne
634 2225 782 2290 Diabolus
797 2228 827 2288 in
844 2247 951 2309 aquam
968 2228 1127 2289 descendat
1141 2227 1278 2306 buncquc

73 2315 318 2379 exsulllationilrns
334 2338 369 2379 sa
386 2317 538 2399 depellere
551 2319 657 2379 studet.

146 2400 251 2467 cterus
274 2416 379 2479 autem,
398 2419 429 2467 nt
445 2406 531 2467 ritum
549 2425 664 2485 semper
680 2404 826 2484 integrum
845 2401 904 2464 sibi
920 2410 1065 2476 servaret,
1088 2401 1117 2461 ln
1134 2397 1278 2461 formulas

74 2505 128 2549 eum
142 2493 277 2572 redegit,
303 2493 449 2557 stibadio
468 2495 498 2555 io
518 2493 692 2572 (lrneca†*)
715 2512 771 2554 oen
795 2512 854 2554 nnn
877 2490 939 2554 lere
964 2492 1082 2553 easdem
1098 2488 1129 2551 in
1152 2485 1279 2551 ccclesia

73 2576 193 2641 andimus
211 2583 362 2646 Romana.
403 2583 496 2644 Nocte
519 2582 575 2643 bac
599 2581 786 2660 ignorantiae
811 2603 846 2641 ae
871 2579 1089 2659 superstitionis
1114 2576 1279 2657 caliginosa

74 2658 216 2732 Germania
240 2692 382 2752 quoqne,
405 2671 501 2752 patria
527 2679 626 2731 nostra
647 2668 744 2731 offusa
768 2668 947 2748 collegitque
964 2668 1127 2729 Rbabanns
1145 2666 1280 2741 Maurus,

32 2817 33 2830 ,
75 2755 232 2836 archiepisc.
247 2758 461 2837 Magnetibus,
478 2779 578 2819 ornnes
598 2757 733 2837 baptismi
751 2755 935 2819 ceremonias
951 2754 980 2815 in
1000 2777 1098 2831 unum,
1123 2756 1198 2835 quod
1217 2753 1280 2814 ele·

77 2836 366 2908 mcisobservnndnm
394 2858 457 2908 erat
472 2844 676 2926 Ritnale†”).
715 2845 793 2920 Hniq
818 2857 913 2905 antem
933 2864 1098 2923 congruae,
1125 2842 1233 2922 ubique
1249 2839 1281 2901 in

79 2928 189 2994 eeclesia
203 2933 341 2997 Romana
358 2934 515 2996 etiamnum
534 2944 680 3014 receptae,
695 2933 880 3014 compositae
897 2941 966 2993 sunt
981 2932 1134 3008 Agendae,
1158 2949 1281 3008 quarum

77 3031 109 3073 er
123 3037 193 3098 nnn,
219 3043 297 3102 quae
315 3024 401 3085 nobis
424 3025 460 3085 ad
479 3041 595 3083 manum
614 3021 770 3098 est†***),
793 3019 926 3081 institute
951 3025 1051 3079 nostro
1076 3015 1283 3097 respondentia

79 3099 170 3167 afferre
187 3108 345 3172 noluimus.
383 3111 550 3192 Poslquanr
568 3110 713 3187 parochus
737 3109 778 3169 ita
800 3105 1013 3186 interrogavit:
1046 3104 1143 3183 „Quo
1166 3105 1283 3166 nomine

80 3196 118 3248 ert
130 3190 223 3257 iulans
239 3200 440 3261 vuoradusl“
459 3200 533 3260 haee
550 3198 646 3259 dicat:
679 3195 759 3272 „Exi
776 3199 813 3257 ab
833 3217 868 3257 eo
884 3195 1034 3256 immunde
1050 3192 1183 3274 spiritns,
1200 3202 1228 3253 et
1245 3193 1283 3254 da

80 3273 161 3342 lecum
178 3286 345 3350 advenienti
361 3286 476 3369 spiritui
494 3297 607 3361 sancto,
625 3287 661 3346 vla
678 3286 816 3346 bonorem
834 3284 897 3346 Deo
914 3288 961 3344 vio
979 3290 1008 3343 et
1023 3276 1191 3359 vern“*†).
1221 3281 1284 3344 Vn·

80 3362 126 3425 riis
147 3376 317 3438 ceremoniis
342 3385 431 3456 atque
455 3394 506 3455 pro
533 3372 707 3454 baptizando
733 3372 916 3434 orationibus
940 3362 1160 3452 prraelis**†),
1187 3367 1232 3429 sal
1257 3368 1283 3431 si

81 3449 248 3525 benedictum
267 3484 326 3525 non
345 3464 440 3542 adsit,
466 3465 521 3525 b'nc
539 3461 851 3523 morlo-benedicatur:
885 3459 1061 3538 „Exoroioo
1079 3468 1125 3536 ie,
1150 3469 1285 3519 ereatura

83 3596 299 3622 “Q—.—

139 3677 163 3744 *l
180 3685 205 3747 l,
224 3686 267 3739 57.
289 3703 314 3754 p.
333 3686 393 3739 348.
618 3683 620 3686 ’
645 3747 653 3756 μ

140 3744 259 3878 Ὡιῧῑξέ
270 3755 510 3877 {llbmegelelleli
526 3771 552 3882 ἓ
572 3753 619 3880 ll
639 3838 666 3891 p.
685 3821 735 3875 oue
754 3836 794 3888 sq.

140 3890 171 3952 Ἡ
190 3889 263 3946 Toni.
282 3896 309 3958 2.
329 3911 388 3961 opp.
409 3895 456 3946 lib.
476 3894 507 3946 de
527 3862 611 3945 uldin.
630 3892 751 3960 baptism.
773 3907 799 3960 p.
814 3890 879 3974 ‘682-
1073 3958 1079 3972 '
1218 3899 1222 3905 ’

112 4023 115 4028 ,
141 3959 192 4024 ·Η·)
213 3960 296 4028 Epist.
316 3964 347 4014 de
366 3964 449 4014 ordio.
470 3964 590 4031 baptismi
610 3978 652 4030 up.
675 3962 790 4013 Buluz.
812 3977 838 4012 ιιι
861 3965 925 4011 nott.
948 3958 979 4010 ud
999 3955 1154 4023 Rhegrnent.
1176 3959 1202 4023 l,
1222 3956 1265 4010 69.

85 4081 127 4140 „3
142 4026 212 4095 l'll)
233 4030 337 4085 llitnale
356 4031 496 4085 llomnnnru
514 4032 615 4101 (botw.
627 4032 703 4085 1744.
713 4031 755 4099 8.)
772 4046 798 4099 p.
813 4029 875 4086 239.
898 4025 1167 4081 llitunleLeeilleens.
1186 4026 1286 4096 part.

129 4126 187 4222 σι’)
205 4166 228 4219 l.
249 4169 354 4223 Gonni
376 4170 518 4235 Eueboleg.
537 4187 625 4236 green.
647 4169 732 4222 Puris.
753 4167 830 4223 1647.

89 4230 199 4352 πῶς.)
219 4235 249 4290 tt.
268 4239 375 4293 lluuri
399 4241 431 4291 de
456 4239 576 4292 clericor.
603 4240 716 4292 institut.
741 4245 768 4291 et
793 4253 922 4291 ceremon.
947 4236 1042 4289 scetes.
1072 4234 1118 4288 lib.
1139 4233 1165 4286 3.
1194 4229 1286 4285 Cnlnn.

144 4368 341 4508 ‡;3‘)P·lppnqtp
357 4378 489 4502 ppelesire
502 4376 618 4444 dlnsnot.
638 4385 708 4430 aunt.
730 4374 932 4443 wolfgangi
949 4373 1112 4441 Aroloiepire.
1127 4368 1197 4437 Mes.
1209 4370 1287 4426 liii.

145 4498 202 4576 ”il
221 4527 246 4580 Ρ.
266 4515 299 4575 ll
317 4524 344 4570 et
361 4517 406 4571 te.
