3067 5075
190 247 204 260 '
315 245 351 308 de
366 244 462 310 sacris
478 238 607 327 quadris
622 243 661 310 alr
677 241 785 310 ento.
801 249 858 312 rat·
874 243 1005 314 rudore
1021 239 1119 312 cultis.
1298 248 1323 314 1

81 417 181 484 illins
207 429 327 500 quoquc
343 418 448 486 nands
466 417 651 484 christiam
666 419 781 499 'ampla
796 418 937 484 tannim
954 418 1147 500 intelligatur.
1183 419 1228 484 Ac
1243 429 1319 486 tenr-

22 535 27 538 ·
81 529 168 592 pure
196 507 275 570 inter
291 504 480 572 Valerianum
506 515 535 568 et
549 505 765 584 Diocletianann
789 507 1023 589 persecutionem
1038 507 1205 584 interiecto,
1229 530 1318 590 qnnnn

36 628 43 634 ·
81 614 240 656 numerus
251 592 489 674 ¹Clrristianornur
506 593 610 655 nnirurn
625 593 658 654 in
674 597 791 658 tondunt
806 604 911 657 auctus
927 593 1042 671 luisset,
1059 606 1106 660 sat
1122 594 1317 657 inultas‘ubi-

83 701 151 763 qne
172 681 307 743 locorum
324 680 465 743 basilicas
484 689 647 744 exstructas
666 701 743 759 esso,
762 681 868 759 partim
885 681 1035 744 Eusebius
1043 681 1072 751 *i
1091 691 1119 744 et
1136 681 1317 764 Opatm†*)

84 768 256 830 menariae
274 768 480 848 prodiderunt,
504 768 606 847 partica
623 767 730 832 exinde
746 768 906 847 colligitur,
932 771 1008 848 quod
1027 767 1216 845 Christianis,
1240 769 1317 838 Dio,-

85 853 226 916 oletiano
245 854 451 935 intente***),
464 854 559 918 inulta
574 854 682 934 templa
700 864 800 934 erepta
817 856 995 935 iisdemque,
1014 856 1207 919 Constantino
1224 857 1315 920 relius

87 959 200 1004 eornm
215 941 428 1021 patrocinante,
444 941 557 1004 reddita
572 942 696 1020 sunt†).
716 941 768 1006 Sin
785 941 1047 1022 igiturClrristiani
1065 942 1214 1021 erigendis
1231 942 1317 1008 aedi·

86 1028 182 1104 ficiis,
200 1028 268 1089 usui
286 1048 373 1092 sacro
389 1028 504 1107 dicatis,
522 1029 669 1092 nunant
685 1039 713 1092 et
729 1040 910 1093 exornarunt
927 1049 1021 1104 sacra
1038 1028 1215 1108 simulatque
1232 1028 1270 1092 iis
1285 1029 1318 1094 in

84 1114 192 1177 luceru
209 1115 333 1195 prodire
341 1135 448 1195 resque
460 1135 531 1178 snas
549 1113 646 1195 palam
657 1136 748 1195 agere
761 1116 853 1193 licuit,
871 1117 965 1179 etlnoc
978 1119 1201 1196 quoquomodo,
1219 1135 1316 1197 quan-

35 1261 43 1272 ,
87 1210 154 1263 turn
173 1201 305 1281 incorum
320 1201 410 1263 inerit
426 1222 523 1264 rernm
542 1222 694 1266 sacrorum
711 1203 849 1280 studium,
867 1203 1064 1268 declararunt.

186 1288 271 1363 Quae
287 1287 449 1350 Christiani
472 1296 552 1350 mota
574 1308 645 1352 cura
661 1300 690 1350 et
707 1289 829 1352 solertia
844 1290 1035 1352 condiderant
1057 1298 1085 1354 et
1103 1298 1317 1354 exornaverant

90 1394 251 1437 sacrorum
269 1374 426 1449 solemnia,
454 1377 555 1438 cadent
572 1375 699 1437 maxima
715 1376 861 1455 religione
877 1387 906 1438 et
921 1376 1098 1439 verecundia
1115 1379 1317 1444 observarunt.

89 1463 171 1524 Nara
189 1461 314 1541 primurn
329 1460 672 1542 adruodurn“ireqncntes
686 1464 725 1523 ad
742 1483 777 1524 ca
793 1462 930 1526 iacienda
945 1474 1138 1524 accesserunt
1162 1484 1219 1525 nec
1236 1463 1317 1526 ullus
1411 1499 1415 1504 -

86 1548 182 1610 focile
200 1549 405 1610 wmmnnicne
423 1568 523 1610 carum
541 1547 653 1611 diutins
669 1547 762 1611 noluit
779 1569 892 1611 carere.
913 1550 1047 1612 lustinus
1059 1549 1183 1631 Martyr‚
1201 1550 1316 1616 descri-

88 1637 169 1697 bens
187 1633 336 1696 solemnes
353 1634 585 1698 Christianorum
604 1643 781 1702 cenventus:
799 1634 840 1720 τῇ
858 1632 917 1698 τοῦ
933 1631 1025 1714 ἡλίου
1041 1630 1073 1700 λε
1094 1631 1188 1724 egion
1205 1629 1315 1717 ἡμέρᾳ,

88 1721 269 1802 inquit††),
286 1712 447 1784 adoran
463 1710 540 1784 nord
551 1711 814 1804 πόλενςῆἇγρούς
824 1709 980 1800 μενόντων
995 1657 1173 1793 condiscere
1189 1723 1315 1802 γίνεται,

88 1819 118 1870 et
136 1807 244 1889 paneis
259 1808 441 1871 interiectis:
467 1797 526 1870 rin
549 1801 585 1869 δὲ
605 1805 663 1870 τοῦ
679 1803 771 1887 ἡλίου
795 1804 913 1888 ἡμέραν
934 1805 1024 1891 κοινῇ
1046 1799 1199 1879 πάντες
1220 1808 1314 1876 συνέ-

88 1889 202 1956 λευσιν
217 1892 420 1972 quindenaria,
444 1893 548 1975 lnisqne
564 1893 677 1971 verbio,
702 1895 728 1955 si
744 1893 792 1957 vel
808 1884 863 1957 cri:
888 1885 1004 1964 scriotor
1023 1894 1153 1968 nolueris
1171 1916 1315 1975 premere,

89 1984 172 2063 qnod
195 1981 300 2061 utique
318 2001 378 2043 non
396 1984 584 2063 proruendum
607 1990 665 2057 ost,
690 1981 856 2061 significat,
881 1981 1017 2061 singulas
1043 1978 1187 2046 ecclesias
1210 1982 1315 2062 quavis

91 2068 141 2130 die
158 2067 307 2130 dominica
322 2067 366 2130 ita
379 2079 669 2148 congregatas-esse,
692 2076 724 2130 nt
738 2089 824 2130 nemo
842 2067 931 2130 facilc
948 2070 985 2130 ab
1003 2087 1102 2130 earnm
1121 2068 1314 2132 conventibus

91 2156 274 2217 alhoueret.
297 2156 411 2235 Neque,
427 2156 453 2217 si
470 2165 549 2217 recta
565 2154 692 2231 memini,
709 2155 862 2235 conquesti
878 2163 947 2218 sunt
962 2163 1061 2234 patres
1075 2153 1221 2218 eeclesiae
1231 2155 1315 2235 puo-

90 2262 159 2302 rurn
176 2251 338 2320 temporum
361 2244 397 2303 de
419 2241 603 2321 negligentia
616 2240 852 2306 Christianorum
877 2241 908 2302 in
932 2241 1213 2319 sacrisobe'nndis,
1238 2244 1316 2321 qaod

92 2327 192 2392 severi
206 2326 254 2390 illi
272 2349 384 2389 morum
401 2349 554 2400 censores,
574 2349 667 2409 aeque
684 2349 719 2390 ao
737 2331 874 2392 doctores
890 2327 1000 2408 publici
1015 2338 1182 2394 nostrornm
1200 2336 1315 2409 ternpo-
1425 2350 1434 2369 ν

92 2433 172 2490 tntu,
186 2414 296 2478 facturi
314 2415 452 2488 inissent,
468 2416 492 2478 si
511 2415 609 2478 deseri
625 2434 713 2478 sacra
729 2414 1011 2480 animadvertissent.
1032 2416 1071 2478 At
1082 2415 1233 2480 Decianae
1245 2436 1316 2496 per·

93 2501 257 2578 secutionis
275 2512 403 2583 ternpore
426 2500 608 2565 imminutam
626 2502 722 2567 faisse
739 2502 875 2586 pietatem
894 2510 922 2565 et
937 2500 1316 2582 religionenchristiaoo-

94 2611 177 2665 rurn,
200 2591 303 2651 erelrra
320 2610 421 2651 eornm
440 2592 545 2650 docent
562 2590 713 2671 exempla,
740 2590 808 2671 qui,
834 2590 1015 2653 constantiae
1032 2597 1061 2652 et
1075 2590 1274 2668 strenuitatis,
1298 2611 1318 2652 o

95 2676 433 2756 primorumternpornm
444 2676 621 2739 Christianis
638 2677 669 2737 in
686 2676 743 2739 lide
760 2677 923 2759 profitenda
935 2678 1317 2743 demonstrataeimrnerno-

95 2783 162 2835 res,
184 2762 270 2825 tidem
288 2763 440 2825 eiurarunt
461 2763 613 2844 librosque
632 2784 736 2827 sacros
752 2765 973 2844 magistratibus
990 2763 1182 2827 tradiderant.
1218 2765 1318 2841 Quare
1360 2810 1364 2817 =

98 2851 217 2912 credere
232 2850 309 2927 licet,
335 2853 437 2913 eodeni
455 2844 583 2929 tenipnre
601 2850 749 2912 deiecisse
765 2852 876 2931 passion
891 2851 1065 2931 religionem
1082 2850 1318 2927 Christianorum

95 2936 129 2997 in
143 2936 236 2998 sacris
251 2936 396 2999 iaciendis
412 2937 501 3015 idque
518 2935 686 3013 ipsumssulr
704 2947 874 3016 temporum,
893 2940 928 2998 de
946 2938 1053 3016 quidus
1073 2936 1189 3017 loquor,
1205 2938 1315 3003 exitnrn
1337 2960 1340 2967 ’

97 3023 207 3084 sactum
225 3043 317 3097 esse,
335 3019 634 3100 exinde'colligitnr‚
659 3023 736 3100 quad
764 3022 922 3083 concilium
940 3023 1159 3099 llilreritannrn,
1185 3025 1318 3089 lnnlitnnr

17 3166 21 3173 ,
94 3110 165 3171 illud
176 3109 288 3186 cett,
306 3116 410 3189 corripi
423 3130 470 3171 eor
487 3106 712 3188 docrevit†††),
730 3116 786 3189 qai,
802 3117 834 3171 tn
849 3115 960 3170 civitate
973 3115 1067 3188 nociti,
1083 3120 1138 3171 tros
1153 3112 1317 3189 dentitione,

97 3199 135 3259 od
148 3200 292 3259 odoriora‘
306 3218 363 3270 aaa
379 3203 569 3259 coronarent.
597 3194 679 3257 ldern
697 3204 794 3259 tannen
820 3196 938 3260 concilii
954 3195 1117 3281 llwibcritani
1136 3217 1237 3261 canon,
1247 3220 1319 3279 pro-

97 3287 161 3359 dat,
186 3284 272 3346 nolas
289 3280 441 3345 iudicasse
458 3282 645 3347 Christianos
663 3282 774 3364 diutins
791 3303 809 3345 a
832 3283 960 3365 publicis
984 3284 1176 3347 conventibus
1199 3287 1318 3365 abesse,

102 3365 250 3451 quoniam,
265 3370 324 3432 nisi
340 3371 382 3432 ita
395 3370 434 3432 iis
450 3370 544 3435 nisnrn
562 3379 651 3446 osset,
676 3391 735 3433 nou
750 3369 841 3433 facile
858 3371 940 3451 passi
958 3370 1095 3447 luissent,
1114 3372 1257 3437 eiusmodi
1272 3373 1319 3439 le-

102 3478 166 3536 gent
183 3456 242 3520 sibi
258 3457 385 3522 obtrudi.
423 3456 467 3521 ilc
483 3457 511 3519 si
528 3456 576 3523 nel
588 3458 718 3520 concedi
735 3461 869 3536 deleret,
893 3458 988 3522 luisse
1006 3458 1115 3540 passim
1133 3459 1318 3527 Christianos

98 3712 170 3793 'sont,
189 3746 258 3796 qnae
279 3732 425 3797 Gregorius
443 3734 580 3799 quscnrtr
597 3734 624 3783 io
642 3735 698 3785 vita
717 3732 836 3798 Gregorii
854 3730 993 3785 Turonos.
1013 3739 1075 3787 torn.
1095 3730 1141 3784 lll.
1161 3750 1187 3800 p.
1206 3733 1266 3788 567.
1288 3738 1320 3789 de

102 3799 232 3864 basilicis,
253 3815 319 3865 quae
337 3807 454 3868 tempore
474 3802 530 3852 eius
548 3808 698 3869 exstructae
717 3811 747 3854 ct
762 3803 945 3869 aprocnnsule
960 3800 1073 3871 Romano
1093 3803 1195 3855 dirutae
1213 3804 1321 3873 luerint,

100 3868 237 3919 momoriae
259 3870 378 3920 tradidit.
488 3926 493 3933 ¹
1045 3900 1050 3910 ·

165 3935 193 3999 *)
214 3952 241 3987 ν.
263 3936 296 3987 Η.
319 3936 351 3987 ll.
373 3936 403 3988 L.
424 3937 495 3990 Vlll.
524 3955 548 3989 c.
568 3940 594 3990 l.
622 3940 664 3991 ubi
694 3942 720 3991 iu
743 3941 829 3991 locutu
853 3938 911 3992 τῶν
930 3940 1060 3993 παλαίων
1086 3937 1320 4015 οῖκοδομὴματων

101 4000 251 4133 εὗρείξξ)ἐέ
270 4005 410 4125 θεμὶενῑίων
414 4005 588 4129 Direrrltqcttnrl1
589 4010 747 4130 suif⁰⁸⁸i⁸ii
767 4016 866 4061 narrat.

252 4089 395 4127 eacrsnt.
439 4091 546 4128 anans.
592 4113 598 4126 .
645 4095 696 4129 .r.
752 4113 759 4130 .

168 4138 235 4209 ***)
255 4158 281 4192 ν.
301 4143 398 4195 Enoch.
416 4141 448 4192 ll.
470 4143 502 4194 E.
521 4144 553 4195 L.
573 4143 644 4197 l'lll.
666 4162 690 4197 e.
708 4149 735 4203 2.
763 4138 886 4201 canani.
908 4148 939 4198 de
957 4156 1040 4201 morte
1059 4165 1160 4217 perseo.
1179 4167 1203 4203 c.
1222 4151 1265 4207 12.
1293 4157 1320 4206 et
1371 4148 1387 4174 “

104 4226 126 4261 o.
146 4210 181 4273 5.,
204 4217 231 4263 ct
249 4210 350 4263 lustitt.
370 4210 422 4260 div.
443 4210 474 4263 1..
493 4211 527 4267 V.
548 4230 572 4264 c.
591 4215 633 4267 ll.
655 4213 812 4271 Theodoret.
832 4216 864 4268 1..
882 4215 915 4271 V.
937 4232 962 4269 e.
981 4219 1024 4273 3⁹.

168 4280 200 4341 †)
220 4294 247 4329 v.
267 4275 364 4331 Euiod.
384 4276 416 4328 H.
435 4276 467 4329 E.
487 4279 518 4330 L.
539 4280 574 4332 X.
597 4299 621 4335 c.
640 4285 666 4339 d.

168 4346 221 4413 ††)
240 4362 267 4399 v.
288 4347 396 4414 apolog.
415 4344 449 4397 ΙΙ,
472 4363 497 4413 p,
517 4350 561 4400 gg·
663 4375 668 4384 ,

167 4415 242 4482 †††)
264 4431 290 4469 v.
311 4431 437 4469 canonem
456 4415 621 4473 eiusXX1‚-
