3067 5075
197 262 262 332 tut
389 330 393 335 .
595 255 708 339 ''xm
751 270 960 341 tumtunm
1053 261 1057 271 ’

197 459 291 506 semu
306 456 443 528 acceptas
459 467 477 509 a
494 439 696 529 parentalibus
712 451 893 513 descendere
906 450 973 531 quis
988 448 1199 514 affirmaverit?
1221 442 1312 515 Solus
1328 470 1418 513 mar-

198 541 292 614 tyrum
310 553 422 615 agapas
440 539 475 597 nri
494 537 622 598 tumulos
639 536 843 600 confessorum
859 537 925 600 fidei
944 538 1073 600 exbiberi
1090 538 1193 601 solitas
1206 558 1271 601 curn
1284 541 1418 620 quadam

198 621 403 698 probabilitate
418 644 456 684 ex
471 624 510 685 iis
525 624 694 690 deduxeris.
731 627 906 707 Quanquam
924 625 1008 687 etiam
1027 628 1062 688 ud
1078 620 1263 710 περίδειπνα
1277 629 1418 690 iudaeo-

197 726 261 769 rum
278 722 343 790 pest
360 710 450 772 funus
466 708 585 794 aliquod
601 712 701 776 babitu
720 713 934 794 respiciendum
952 732 1069 775 censeo.

300 862 372 930 Quod
397 865 521 930 dixerim,
549 881 575 918 a.
601 867 627 917 d.
652 864 723 919 Viii.
741 864 801 918 bini.
827 863 905 917 idert.
931 868 1057 919 cbaristie
1081 866 1252 921 Romanorum
1276 867 1422 921 celebe'ats
1446 908 1449 913 -

265 931 362 998 inisse,
392 942 485 986 eontra
501 933 590 986 Rusini
610 935 768 1002 aliorumque
789 936 954 1001 pervulgatus
972 938 1121 1002 opiniones,
1148 937 1303 988 temeritatis
1320 944 1421 989 notem

266 1001 334 1052 baud
360 1019 453 1054 vereor
469 1019 502 1054 na
521 1005 660 1055 incurram.
701 1003 823 1055 Nonnulli
842 1004 866 1053 d.
886 1003 959 1055 Xlii.
979 1002 1038 1056 lini.
1062 1003 1150 1057 idertii
1172 1006 1232 1056 buie
1248 1006 1351 1057 solenni
1376 1021 1422 1056 as·

265 1070 379 1134 signant.
415 1070 496 1123 Vetus
517 1070 700 1124 lielendnrium
727 1073 794 1139 quod
814 1073 963 1139 pierumque
982 1075 1008 1124 in
1029 1075 1142 1140 antiquis
1162 1073 1247 1125 Ovidii
1267 1075 1424 1142 peniteret

179 1187 182 1203 ,
263 1141 452 1192 recentioribus
470 1141 601 1192 codicibus
620 1140 706 1193 Fastis
730 1142 860 1192 adiectum
878 1147 928 1192 est.
949 1157 975 1193 e.
996 1144 1022 1193 d.
1042 1142 1080 1195 Xi
1099 1141 1158 1194 itui.
1177 1142 1255 1194 liert.
1276 1142 1423 1195 charistia

264 1207 373 1260 indicat.
410 1209 499 1260 Sibr.
521 1208 752 1262 SiccamaVll.
773 1208 831 1262 liei.
852 1208 960 1262 Murtias
980 1211 1069 1263 bebita
1087 1213 1183 1274 tradit,
1211 1227 1318 1278 quocum
1349 1213 1424 1263 mni

266 1282 306 1326 tos
324 1278 515 1330 consentientes
534 1279 621 1330 videre
648 1286 688 1330 est
708 1280 775 1346 apud
795 1278 950 1341 Genesium,
976 1280 1068 1346 quibus
1086 1281 1153 1332 idern
1173 1279 1231 1332 Vll.
1250 1278 1308 1331 ilai.
1329 1279 1422 1333 Mart.

266 1345 320 1395 dies
339 1347 433 1413 piacet.
471 1347 556 1398 Causa
575 1349 681 1412 erroms,
700 1349 722 1398 si
742 1349 802 1414 quid
821 1348 983 1413 conjiciendo
1001 1350 1102 1416 assequi
1119 1349 1205 1413 valeo,
1224 1349 1300 1399 dnbio
1316 1350 1424 1416 procul

266 1415 331 1465 bace
349 1416 407 1480 init,
430 1416 495 1482 quod
514 1418 597 1468 iocum
618 1417 744 1484 quendam
765 1415 852 1467 Ovidii
873 1433 922 1467 non
942 1425 1033 1468 curate
1051 1418 1116 1469 satis
1136 1425 1164 1469 et
1183 1419 1296 1481 cogitate
1314 1433 1424 1484 expcn-

157 1492 165 1506 '
265 1483 356 1535 dentes
381 1485 508 1537 calculum
534 1487 617 1537 miuus
643 1493 714 1536 necte
739 1493 890 1553 posueruut.
932 1484 1019 1550 orto,
1048 1503 1097 1553 quo
1125 1487 1285 1539 intercsiarii
1311 1489 1422 1538 mensis

265 1551 332 1603 iesta
351 1568 380 1603 sc
401 1555 580 1622 excipiebant,
602 1555 644 1605 bic
663 1560 736 1607 erat:
772 1553 930 1605 Feralia.
952 1554 1150 1607 Cberistia.
1171 1554 1423 1607 Terminalia.

265 1619 497 1686 Regifugium
515 1623 553 1672 ita
572 1622 638 1673 enim
649 1621 757 1673 Ovidius
775 1622 892 1686 digessit.
928 1621 1091 1687 Regifugium
1110 1631 1195 1675 eutem
1214 1625 1241 1675 in
1254 1621 1277 1674 V
1290 1621 1357 1674 liei.
1379 1624 1424 1676 in·
1451 1618 1462 1629 ’

265 1690 358 1759 cidisse
375 1705 539 1758 ‘persuasum
565 1691 680 1756 babent,¹
713 1698 867 1758 propterca,
901 1692 969 1756 quod
994 1691 1104 1757 Fugaiia
1130 1692 1305 1760 descripturus
1332 1694 1423 1760 poiita

265 1758 377 1811 cecinit:

390 1866 394 1883 ,
432 1829 508 1877 Nunc
525 1827 634 1877 dicando
652 1827 716 1876 anibi
733 1828 817 1892 Regia
836 1827 915 1892 fuga.
953 1830 1047 1878 Traxit
1066 1829 1101 1878 ab
1116 1830 1166 1879 iiia

499 1897 609 1961 Quintus
625 1896 659 1947 ub
677 1904 788 1946 extremo
803 1899 907 1946 uomina
924 1913 1008 1947 anem
1026 1898 1090 1952 ἀίει.

265 1997 316 2050 Sed
334 2007 455 2066 reputare
475 1999 626 2051 debuissent
644 2005 787 2051 extremum
806 2000 931 2067 cujusque
950 2000 1045 2051 mensis
1064 1999 1132 2051 diem
1149 1999 1345 2067 computatione
1367 1999 1423 2053 Ru·

263 2083 395 2119 manorum
420 2069 560 2120 secundum
586 2069 666 2120 inisse
688 2066 857 2120 eliciendis.
896 2067 966 2124 Unde
991 2069 1081 2119 urdine
1106 2069 1272 2133 retrogrado,
1303 2068 1423 2134 quintus

265 2136 297 2187 ab
316 2136 430 2188 extremo
449 2139 516 2189 idem
536 2144 576 2188 cst
598 2153 656 2188 eum
675 2135 720 2188 vt.
742 2135 916 2188 Kalendarum
934 2135 1033 2188 Martii.
1071 2136 1153 2208 Quum
1178 2137 1258 2200 igitur
1277 2131 1422 2203 Regifugii

265 2208 457 2270 montemedio,
480 2222 553 2273 quem
573 2207 643 2270 dixi,
663 2204 707 2257 vi.
728 2207 846 2257 nimirum
864 2203 1038 2257 ilsicndarum
1060 2205 1198 2257 recolenda
1217 2206 1312 2270 inerit,
1333 2222 1422 2273 quern

163 2330 175 2344 ‚
263 2272 420 2329 Terminalia
441 2282 651 2338 antecesserunt,
677 2274 1005 2341 seqnitur,ut(1inaristia
1025 2290 1090 2341 quae
1108 2275 1150 2326 die
1169 2275 1283 2342 proxime
1304 2290 1423 2342 pracce-

183 2370 186 2374 ·
264 2343 341 2394 deute
361 2342 520 2394 Terminalis
545 2344 678 2394 celebrata
699 2343 819 2408 inerunt,
848 2341 900 2394 iix
919 2341 978 2395 iiai.
1005 2343 1104 2395 inerint
1127 2350 1197 2394 ncta.
1233 2342 1308 2409 Quod
1328 2347 1422 2398 etia·

263 2427 297 2462 ex
314 2410 471 2464 liaicndario
488 2411 606 2481 Dionysii
621 2411 721 2463 Petavii
740 2413 839 2463 ciarum
856 2419 906 2476 est,
925 2414 951 2464 in
970 2428 1018 2479 quo
1036 2412 1138 2463 etiamsi
1157 2412 1348 2464 Cbaristiurum
1372 2431 1423 2466 nu·

264 2495 321 2531 men
341 2497 389 2531 uon
409 2487 545 2543 occurrat3
564 2496 597 2532 ex
614 2482 682 2531 serie
700 2487 787 2531 tamen
805 2480 961 2548 reliquorum
980 2481 1122 2532 solennium
1137 2480 1245 2547 dicrum,
1264 2496 1329 2549 quae
1351 2484 1422 2535 talis

264 2557 320 2603 cst:
357 2550 394 2603 ix
413 2550 553 2602 Feralia
578 2578 611 2590 -
636 2549 683 2602 Vii
709 2548 926 2602 Terminalia
951 2579 983 2591 -
1012 2552 1067 2602 dics
1096 2551 1283 2602 charistiorum
1310 2552 1421 2605 elucet.

262 2617 399 2687 Expressit
421 2621 489 2671 bunc
513 2611 584 2671 diesi
604 2617 788 2672 liniendarium
813 2618 954 2671 Romanum
987 2620 1034 2671 sub
1061 2621 1216 2687 imperatore
1244 2620 1421 2689 Constantio,

265 2686 427 2742 Constantini
448 2687 484 2741 ti.
503 2687 567 2754 lilio,
587 2688 657 2740 circe
675 2704 770 2741 annum
788 2688 839 2742 354
857 2689 1025 2758 compositum
1046 2689 1113 2741 bnuc
1134 2689 1160 2740 iu
1178 2689 1298 2742 modum:

404 2791 443 2845 iX
463 2791 624 2845 Feralia.
698 2846 705 2854 ,

405 2860 456 2915 lix
476 2860 679 2914 Cbaristia.

401 2928 449 2983 Vll
469 2927 710 2983 terminetis

193 3065 223 3151 ᾗ.
240 3068 291 3132 12.
324 3070 453 3134 Faustus
471 3071 595 3148 Manes,
620 3079 652 3131 nt
666 3069 805 3144 baberet,
830 3088 889 3151 quo
907 3066 1084 3130 Christianis
1100 3066 1204 3148 eisquc
1218 3067 1348 3130 numinis
1367 3070 1421 3132 sui

194 3158 369 3233 detraheret,
393 3169 426 3221 ut
440 3169 509 3220 sunt
525 3178 620 3219 mores
636 3178 752 3234 eorum,
776 3156 825 3238 qui
842 3155 996 3242 averitate
1011 3155 1041 3216 in
1058 3176 1188 3217 errorum
1208 3155 1275 3218 uria
1291 3152 1423 3239 delapsi

195 3264 260 3304 enm
278 3245 344 3306 iidci
361 3244 457 3308 iorrna
471 3244 624 3306 divortium
641 3244 784 3320 iecerunt,
802 3265 838 3306 cx
854 3244 960 3325 agapis
974 3242 1059 3305 eiiam
1074 3263 1175 3305 ausam
1189 3243 1313 3320 crimini,
1328 3247 1421 3325 qued

196 3330 371 3395 Christianis
389 3334 528 3411 objiceret
545 3351 707 3411 quaereus,
730 3330 874 3410 originem
891 3351 990 3392 carum
1009 3333 1045 3393 ad
1063 3330 1209 3392 sacrificia
1226 3351 1421 3412 paganorum

195 3418 341 3521 reierpbat
363 3419 606 3499 christianosque
636 3438 818 3499 paganorum
834 3417 980 3481 sacrificia
995 3419 1026 3479 in
1043 3437 1156 3499 agapas
1171 3420 1337 3481 demutasse
1357 3439 1421 3483 cs-

195 3506 403 3571 inmnrabatnr.
444 3506 503 3568 Sed
529 3505 665 3568 amolitus
691 3517 735 3568 est
758 3507 814 3568 boc
837 3507 924 3577 istius
948 3506 1093 3586 objectum
1118 3506 1301 3585 Augustinus
1324 3505 1420 3584 (adv.

194 3594 326 3658 Manicb.
344 3594 396 3672 20,
413 3597 479 3671 20.)
503 3594 549 3655 bis
567 3592 686 3659 rerbist
719 3595 867 3672 dactilicis
883 3615 1057 3674 pnqnnorrtm
1074 3616 1128 3670 non
1143 3602 1274 3657 uenimus
1287 3600 1318 3655 in
1330 3614 1419 3673 uqu-

193 3705 257 3763 pae,
273 3686 322 3746 ini
337 3683 505 3761 sucrificium
520 3685 589 3743 iliud
604 3685 807 3744 intelleximus:
825 3683 1050 3744 Misericordiam
1062 3681 1420 3763 submurmuratum.

193 3774 311 3850 Aqupce
325 3778 398 3832 enim
413 3781 527 3832 nostroe
540 3792 677 3851 pauperes
691 3780 810 3850 parmam
825 3777 883 3831 siue
897 3771 1026 3846 stirpibus
1039 3776 1097 3832 eice
1111 3768 1251 3845 coraibus,
1262 3783 1341 3851 „quus
1359 3791 1419 3833 eea

194 3862 359 3946 Monicbnei
375 3869 405 3920 nt
422 3860 594 3921 unebrurum
609 3864 746 3939 principis
761 3879 832 3937 opus
846 3860 998 3918 dnnrnntis.
1019 3890 1059 3903 -
1085 3857 1113 3937 ᾗ.
1131 3857 1182 3920 13.
1208 3841 1419 3954 Ex'pqpihii

193 3965 304 4024 coena,
331 3965 388 4028 qna
405 3946 537 4026 corporis
560 3946 607 4007 sni
626 3955 654 4007 et
670 3944 828 4023 sanguinis
845 3944 1012 4021 mysterium
1030 3944 1156 4006 instituit
1171 3943 1327 4022 Christus,
1349 3946 1418 4008 de-

189 4032 275 4095 ducit
299 4053 350 4095 eas
374 4033 542 4096 Salmasius
577 4032 621 4109 (iu
645 4039 788 4113 apparatu
811 4034 848 4094 nd
879 4029 972 4094 libros
996 4034 1032 4094 de
1057 4031 1181 4114 primatu
1203 4031 1323 4113 papae.)
1357 4032 1416 4095 cui

193 4124 403 4204 quodammode
428 4123 513 4183 etiam
532 4120 675 4182 consentit
690 4119 803 4181 Parcus
819 4121 865 4201 (in
883 4128 1034 4181 comment.
1051 4123 1087 4182 ad
1112 4121 1129 4182 l
1149 4119 1221 4185 Cen·
1237 4120 1295 4198 ll,
1319 4113 1415 4201 ts.)·:

193 4213 338 4272 Probabile
353 4221 407 4285 cst,
431 4210 546 4281 dicens,
572 4211 745 4271 Obristiunoa
760 4210 799 4270 nd
815 4212 969 4290 cuempiam
986 4211 1087 4271 (tissimi
1101 4209 1275 4289 respexisse,
1292 4213 1338 4289 qai
1348 4223 1416 4270 ess·

189 4299 355 4360 elocutioni
377 4304 449 4359 taur
463 4299 633 4359 menendum
657 4303 788 4360 instituit.
826 4298 889 4360 Nec
913 4299 1043 4369 deesse,
1059 4316 1135 4377 quae
1153 4293 1416 4359 sententiantium
1438 4305 1440 4310 ’

189 4383 340 4464 insignem
358 4383 638 4447 verisimilitudinem
657 4384 824 4461 concilient,
840 4406 877 4448 ex
894 4385 1087 4466 sequentibus
1102 4391 1246 4465 patescet,
1270 4384 1415 4447 anons·

191 4465 385 4537 declarabant
400 4491 524 4557 agapae.
559 4473 714 4553 Quaenam
735 4474 830 4558 major
844 4474 954 4537 ameris
969 4472 1148 4555 significatio
1165 4472 1293 4544 existere
1308 4471 1417 4556 punct
