3067 5075
279 282 348 353 sle
712 282 820 353 XLII.
853 283 919 350 Alb.
933 278 1058 349 ll'rilrlris

279 462 371 542 longe
394 459 536 543 plurimos
559 459 725 522 tristissimo
744 460 806 524 lato
825 461 942 542 penitus
960 460 1030 542 igne
1048 461 1173 543 periisse
1189 471 1309 526 eonstat.
1349 464 1456 528 Celeres

281 552 359 634 quod
387 552 423 611 ad
449 548 580 627 lingnam
605 548 720 625 attinet,
750 570 809 630 qna
836 550 1042 629 consignatum
1068 553 1123 612 boe
1157 551 1337 631 Imperatoris
1359 553 1457 616 edietnn

281 640 405 722 primum
429 636 517 698 luerit
535 647 562 698 et
578 636 654 718 juris
675 636 786 717 publici
804 638 932 714 laetum,
952 658 970 700 a
989 658 1057 701 tero
1074 658 1133 699 non
1151 640 1307 700 abhorrere
1324 658 1456 718 ermenus,

281 728 398 810 quando
422 744 531 803 graece
550 724 746 804 conscriptum
769 724 845 807 illud
869 725 1062 788 adfirmamus.
1110 726 1185 788 Cum
1212 727 1287 788 enlm
1302 727 1457 791 Niesnreel'ne

280 816 311 876 in
327 813 463 895 Bithynia
478 813 553 873 illud
570 811 663 893 primo
680 813 831 892 prodierit,
849 834 972 876 necesse
990 814 1090 894 ntique
1108 824 1178 889 erat,
1193 826 1227 876 ut
1241 814 1320 876 illins
1335 816 1457 895 religionis

279 903 383 981 lingna
406 902 609 973 adhiberetur,
635 921 692 1003 qpo
713 901 821 982 percipi
845 902 980 964 noluntas
1004 903 1188 983 imperatoris
1207 924 1243 964 eo
1262 902 1360 963 melius
1374 912 1457 983 posset.

280 993 326 1053 Ad
345 987 420 1050 alias
440 1000 534 1050 tamen
551 990 664 1069 imperit
683 988 809 1050 Romani
828 990 965 1069 regiones
985 990 1075 1061 latine
1091 1010 1264 1053 conversum
1281 992 1391 1051 missum
1404 991 1456 1051 illud

280 1076 374 1139 fuisse
399 1098 457 1137 uon
475 1076 659 1153 dubitamus,
684 1096 719 1138 en
743 1078 820 1158 qnod
847 1079 876 1137 in
895 1076 973 1156 illis,
998 1088 1026 1140 et
1044 1077 1225 1158 potissimum
1243 1078 1274 1138 in
1292 1078 1395 1154 dirim,
1414 1078 1457 1139 lere

280 1165 381 1228 nullus
399 1164 520 1242 linguae
538 1184 665 1244 graecae
682 1184 757 1225 usus
774 1162 910 1227 extiterit.
1475 1184 1480 1189 ’

366 1256 401 1330 7)
425 1251 535 1316 llocata
553 1263 598 1313 est
616 1252 831 1332 persecutionis
856 1253 944 1333 bnjus
961 1251 1168 1314 universalitas
1187 1252 1216 1312 in
1235 1252 1350 1313 dubiost
1364 1251 1456 1332 potissi-

281 1360 360 1402 mum
377 1342 414 1401 ab
431 1340 521 1402 Heus.
538 1338 692 1401 Dodnrello
710 1341 754 1420 (in
772 1345 852 1401 Itiss.
863 1346 919 1402 XI.
931 1345 1096 1419 Cpprtnmce
1112 1341 1149 1402 de
1165 1348 1305 1421 pnndtnts
1317 1339 1456 1421 rnertprrn).

282 1427 341 1490 Sed
359 1427 519 1490 confutarit
536 1430 660 1489 eundern
678 1439 794 1508 praeter
811 1427 887 1489 alios
906 1426 1000 1488 solide
1017 1447 1052 1489 ao
1072 1430 1184 1490 erudite
1201 1429 1315 1491 Tlreod.
1331 1428 1456 1489 llsinsrtm

282 1520 420 1597 (peccesne.
437 1537 528 1594 perier.
547 1523 577 1577 ιιι
595 1519 669 1577 Aetn
685 1526 838 1590 scortorum
862 1515 890 1596 b.
907 1521 965 1577 III.
984 1536 1060 1578 ιιιιιιι.
1079 1517 1256 1595 tte-bem
1287 1517 1456 1594 Neglectae
1488 1532 1492 1549 ·

281 1625 340 1665 non
359 1613 462 1684 potest,
487 1624 546 1662 non
565 1604 681 1682 penitus
698 1603 841 1664 immunes
856 1602 951 1663 fuisse
969 1602 1107 1683 regiones
1124 1603 1241 1684 aliquas
1261 1606 1296 1665 ab
1311 1606 1362 1664 bae
1376 1613 1456 1682 tenpe-

281 1703 373 1765 state,
397 1711 462 1750 curn
483 1691 592 1750 diserte
614 1688 689 1750 illud
709 1690 820 1770 antiqui
839 1690 998 1769 scriptores
1018 1702 1046 1752 et
1062 1702 1128 1753 aeta
1144 1704 1302 1773 martyrum
1322 1691 1456 1772 loquantum

279 1779 338 1840 vid.
358 1775 472 1855 Sulpin.
491 1778 620 1838 Severus
643 1781 707 1840 bist.
724 1799 824 1839 socrus
838 1777 868 1855 2,
885 1780 953 1853 323
976 1779 1150 1840 Lactantius
1168 1783 1202 1840 de
1219 1789 1298 1841 mort.
1317 1801 1343 1858 p.
1358 1784 1408 1857 erip.
1422 1777 1454 1837 tt.

281 1875 310 1927 et
326 1866 400 1927 dcto
419 1885 445 1926 s.
461 1861 574 1925 Felicis
589 1867 675 1946 apud
693 1864 831 1946 Optatnrn
855 1888 882 1945 p.
902 1866 974 1928 llb.
1019 1867 1161 1944 Quamuis
1178 1879 1207 1929 et
1225 1869 1254 1928 id
1274 1864 1357 1927 turrile
1373 1863 1455 1943 laepia·
1491 1888 1492 1957 p

280 1975 363 2027 mor,
397 1972 454 2012 non
481 1955 581 2014 eodem
610 1956 694 2015 modo
722 1953 833 2033 ubique
857 1965 998 2015 terrarum
1024 1958 1167 2017 adversus
1192 1952 1455 2016 Christianssfoisse
1490 1976 1492 2013 t

281 2041 444 2118 saevitum,
476 2040 504 2101 id
531 2043 607 2120 qnod
632 2041 785 2121 speciatim
809 2041 840 2101 in
864 2040 961 2103 Gallia
986 2045 1042 2103 sub
1067 2042 1241 2103 Constantio
1272 2042 1370 2103 Cbloro
1393 2035 1455 2119 paolo
1491 2016 1492 2083 l

279 2130 379 2191 mitius
396 2128 540 2190 accidisse
556 2128 680 2209 ridetur,
697 2136 744 2209 qrri
760 2131 849 2209 (teste
867 2127 1018 2190 Lactantio
1035 2150 1061 2191 c.
1078 2131 1141 2209 lb.)
1158 2151 1192 2190 ne
1206 2132 1375 2191 dissentires
1389 2128 1454 2203 nob

278 2240 341 2280 ιιιιιι
365 2223 517 2298 praeceptis
535 2219 687 2290 videretur,
705 2218 922 2293 consentienda,¹
935 2223 953 2277 i.
969 2238 992 2290 e.
1010 2224 1147 2296 periotes,
1170 2223 1217 2297 ptri
1238 2223 1340 2278 restitrd
1355 2222 1454 2294 potsunt,

279 2309 354 2368 direti
370 2326 473 2384 pessus
489 2314 538 2378 est,
554 2325 648 2366 sertem
664 2315 754 2364 nutent
771 2310 824 2365 Det
839 2307 977 2383 ternplum,
993 2307 1065 2385 ptrod
1080 2315 1121 2366 est
1135 2312 1166 2366 in
1181 2307 1342 2376 bominibus,
1357 2303 1454 2363 ioeelsns

278 2400 407 2455 serouoit.
443 2392 528 2468 Quod
547 2411 615 2451 vero
632 2391 662 2451 in
679 2390 780 2471 primis
797 2390 827 2451 in
846 2391 948 2453 Alriea
964 2390 1070 2452 medum
1087 2391 1166 2454 istud
1184 2391 1325 2454 latissime
1339 2387 1453 2468 serpserit,

280 2479 470 2559 cognoscitur
499 2476 545 2540 rel
572 2499 609 2541 ex
632 2478 767 2540 maximis
793 2479 984 2557 tumultibus,
1017 2480 1065 2561 qni
1095 2481 1123 2541 in
1149 2479 1200 2541 illa
1225 2479 1348 2542 ecelesia
1367 2478 1397 2539 ab
1417 2474 1453 2534 iste

279 2578 409 2645 ternpore
432 2567 486 2629 orti
511 2576 590 2629 sunt.
633 2567 791 2629 Praeterea
815 2567 965 2629 confirmat
989 2570 1110 2629 eaodem
1136 2588 1196 2629 rem
1221 2569 1341 2649 egregie
1363 2567 1453 2643 Optatos

283 2654 387 2718 Milev.
407 2658 730 2735 (decennorenalibus.
747 2661 853 2737 XIII.)
872 2655 990 2720 dicens:
1009 2659 1095 2732 ferere
1112 2667 1177 2717 ento
1191 2678 1285 2718 nasos
1297 2660 1425 2732 menpintn,
1437 2656 1453 2708 d
1490 2669 1491 2712 t

279 2747 352 2826 prend
382 2750 521 2819 recurrit,
555 2765 604 2821 per
628 2754 715 2805 totum
739 2746 869 2819 Africum
892 2750 1089 2822 persecutionis
1112 2754 1155 2804 est
1176 2746 1308 2823 dionpntu
1334 2748 1452 2819 tempestus.
1490 2785 1491 2808 ,

279 2833 370 2893 lmrno
394 2842 423 2894 ct
447 2839 633 2892 monumenta
656 2830 710 2910 illa
732 2843 847 2905 vetera,
874 2851 949 2912 quae
973 2849 1045 2900 suae
1066 2831 1163 2910 Optati
1189 2832 1307 2892 editioni
1326 2823 1453 2890 DuPinius

279 2919 396 3001 adjecit,
417 2919 582 2980 certissime
599 2920 774 2995 ostendunt,
800 2931 1019 2998 persecutorum
1038 2919 1148 2980 rabiem
1165 2918 1402 2980 vehementissime
1414 2911 1453 2971 ibi·
1490 2941 1491 2946 ¹

279 3010 344 3069 dem
362 3007 456 3069 luisse
472 3019 639 3086 grassatam
660 3017 747 3088 atque
766 3027 819 3085 per
837 3007 985 3068 biennium
1004 3007 1209 3068 continuatam.

366 3097 400 3170 8)
428 3094 501 3157 Corn
527 3094 583 3156 lroc
602 3095 691 3155 fuerit
711 3115 762 3174 per
780 3092 905 3156 edietum
923 3093 1106 3175 imperatoris
1123 3095 1287 3175 injunctum
1311 3085 1452 3173 principibus

278 3192 306 3246 el
326 3183 547 3262 magistratibus
570 3182 717 3244 universis
741 3180 889 3259 olfieiurn,
914 3193 946 3243 nt
969 3182 1060 3243 libres
1080 3180 1312 3244 Christianorum
1335 3182 1365 3241 ad
1382 3177 1451 3256 ignes

278 3272 415 3332 omnibns
435 3270 528 3331 modis
547 3279 712 3354 poscerent,
738 3289 798 3328 non
816 3280 925 3329 tautum
950 3278 982 3329 ut
1001 3272 1155 3331 credamus
1172 3279 1226 3349 pa'r
1242 3280 1296 3347 est,
1319 3269 1391 3349 ipsos
1404 3257 1451 3322 nilil

277 3358 386 3418 iecisse
410 3356 526 3436 reliqui,
553 3357 629 3433 qnod
649 3358 687 3416 ad
707 3355 882 3416 voluntatem
900 3356 1038 3418 Caesaris
1057 3358 1179 3436 Augusti
1208 3359 1372 3438 explendam
1390 3344 1451 3432 perti-

168 3471 171 3480 ι
276 3465 349 3506 nere
372 3464 460 3522 posse
479 3443 640 3518 ridebatur,
665 3462 764 3504 rerum
791 3453 818 3504 et
837 3443 903 3524 ipsa
927 3444 1050 3506 historia
1075 3446 1185 3506 diserte
1209 3446 1266 3507 boe
1283 3443 1368 3506 tradit.
1404 3436 1451 3497 llrtt

277 3532 353 3594 enim
371 3530 432 3593 illis
445 3532 516 3592 haee
527 3529 712 3610 imperatoris
723 3533 816 3609 jorseio
828 3543 927 3595 serente
943 3544 969 3594 et
981 3544 1289 3613 pruseoptnmsnnctnnr
1305 3531 1355 3612 (uti
1365 3532 1451 3590 roratur

277 3613 385 3683 diserte
410 3619 440 3679 in
458 3618 558 3680 Gestis
576 3619 767 3698 Purgationis
784 3619 895 3682 Felicis
913 3620 1105 3700 dptungitani
1127 3642 1154 3700 p.
1173 3620 1244 3682 164,
1259 3645 1289 3683 ιι.
1304 3620 1373 3700 apud
1388 3612 1451 3692 epe·
1489 3649 1490 3660 ι

219 3787 222 3792 „
276 3712 352 3781 turn)
375 3710 508 3787 adeoque
533 3715 561 3767 et
584 3717 684 3769 sancte
704 3709 937 3770 custodiendum.
983 3708 1246 3770 lndeetiarnesse
1266 3709 1378 3780 ridetur,
1399 3695 1450 3793 ιιιιοῦΙ
1489 3709 1490 3762 1

273 3797 391 3879 judiees
412 3793 609 3872 Caesaream,
635 3797 752 3872 qnando
776 3789 795 3857 a
822 3795 996 3879 martyribus
1020 3799 1182 3876 poscebant
1204 3797 1319 3857 ordines
1342 3799 1413 3871 atque
1431 3781 1450 3839 l*

276 3886 346 3945 dare
375 3881 444 3942 illos
470 3883 566 3945 multis
590 3882 687 3945 verbis
716 3886 895 3959 renuebant,
927 3884 1024 3946 dicere
1049 3885 1270 3947 consueverint:
1300 3889 1384 3963 prtrrs,
1401 3872 1449 3966 sire³

275 3979 395 4053 primum
420 3981 476 4050 est,
501 3974 572 4050 qrrod
588 3978 769 4050 temperatores
781 3974 943 4049 jusserunt,
967 3993 1049 4053 ᾳιιιιιιι
1067 3974 1116 4047 id,
1140 3975 1212 4052 qrrod
1236 3983 1265 4033 tn
1283 3972 1400 4050 lepssritt
1422 3964 1449 4015 ⁰¹¹

274 4060 375 4123 videre
397 4056 467 4119 lieet
485 4058 514 4132 in
534 4061 613 4120 dctis
637 4078 662 4121 s.
679 4057 792 4118 Felicis
810 4059 1033 4140 'lubyzacensis
1059 4058 1078 4120 l.
1097 4077 1121 4119 e.
1147 4081 1175 4138 p.
1194 4058 1264 4121 lte.
1283 4061 1309 4119 b.
1349 4049 1449 4129 rigebant

232 4151 236 4156 ‘
273 4148 366 4229 igitur
385 4148 413 4208 id
431 4155 550 4208 strenue
563 4146 689 4228 judiees,
709 4155 741 4205 ut
756 4144 850 4206 libros
869 4165 971 4207 sacros
988 4145 1155 4225 flagitarent
1171 4156 1199 4207 et
1216 4145 1272 4205 nisi
1289 4143 1358 4204 ultro
1373 4141 1449 4197 deret·

274 4247 339 4312 tnr,
366 4247 424 4297 tum
449 4233 552 4311 minis,
577 4245 635 4294 tum
655 4232 857 4294 acerbissimis
879 4233 1028 4295 tormentis
1047 4254 1062 4295 e
1082 4233 1218 4294 manibus
1241 4231 1448 4315 declinauere

276 4333 409 4405 qnerent.
454 4322 628 4400 Negandurn
647 4320 762 4400 quidem
781 4322 829 4383 rix
847 4333 899 4397 est,
921 4328 952 4381 nt
968 4317 1125 4401 plurimum
1138 4322 1256 4403 judiees
1273 4321 1309 4381 ab
1325 4313 1395 4378 initio
1409 4306 1448 4366 tm

275 4409 414 4491 adloquio
446 4419 586 4490 martyres
616 4407 829 4488 compellasse3
861 4421 901 4471 nt
920 4429 985 4470 cum
1014 4410 1164 4470 dicerent:
1196 4412 1310 4470 leodem
1330 4406 1448 4497 seripbttt
1488 4417 1489 4448 t

274 4498 450 4560 deoduinus?
472 4498 554 4560 sire:
582 4500 619 4559 de
639 4499 727 4560 libros
745 4501 788 4560 nel
804 4501 995 4576 osembrunns,
1016 4518 1192 4582 quoscunque
1210 4499 1302 4569 debes,
1321 4501 1352 4553 ot
1370 4483 1448 4571 pmnrl
