3067 5075
336 309 374 369 ds
390 302 499 408 nebris
513 304 588 372 eccl.
607 304 687 372 eirca
702 305 887 388 poenitantes
905 306 1017 390 rigore.
1218 278 1285 378 2ἳῖ
1339 400 1345 413 1

76 477 222 543 Melitonos
241 477 351 562 episc,
375 480 518 565 epistola,
542 484 580 546 de
602 481 675 548 ecel.
691 481 893 548 Alexandrina
915 493 1033 566 praeter
1047 504 1183 559 maso,
1206 506 1283 568 qaas

77 562 157 648 supra
170 568 406 647 commemorari,
415 570 495 632 Petri
503 569 705 649 Alexandrini,
716 569 869 636 Athanasii
882 574 920 634 ad
931 577 1136 638 ammom
1147 572 1283 659 epistola,

76 661 211 719 morumne
226 676 341 735 omnes,
359 678 432 739 quas
449 678 515 720 cnm
527 657 717 723 balsamonis
733 670 761 723 st
772 660 909 724 Zonaras
924 663 1038 724 amota
1052 659 1171 724 exhibet
1184 660 1284 728 (tait.

75 742 290 822 llorerepius
308 752 377 807 tom
388 753 430 808 tr.
448 741 577 823 dmrodtc.
605 747 651 811 lle
669 744 809 810 ecclesiia
825 769 914 830 porro
925 753 1093 829 Ancyrana,
1109 748 1287 839 Neocaesa-¹

76 831 179 909 reond,
200 831 375 896 Laodicena
391 842 552 913 testantur,
574 855 652 917 qnae
667 836 776 899 ibidem
793 834 896 900 habita
910 836 1031 900 fuerunt
1049 834 1189 913 concilia,
1208 858 1282 919 pro·

76 914 200 982 oincialia
218 918 328 999 omnia,
347 936 472 1001 quornm
490 923 608 986 decreta
624 942 682 985 nun
699 925 738 987 ad
754 944 854 1002 uuam,
871 944 970 987 rerum
986 924 1024 986 ad
1041 942 1144 986 omnes
1161 923 1194 986 in
1209 945 1281 1007 pro·

74 1005 166 1068 riociis
184 1006 316 1088 singulis
333 1009 390 1070 snb
407 1030 468 1073 nna
485 1010 638 1093 metropoli
657 1010 803 1075 ecclesias
821 1011 1022 1094 pertinebaut3
1050 1030 1176 1095 cumque
1191 1010 1223 1074 ia
1241 1012 1281 1076 iia

76 1092 149 1155 simul
165 1092 302 1174 aliarum,
322 1097 491 1180 cumprimis
510 1097 681 1177 vicinarum,
706 1119 799 1182 saepe
815 1099 901 1163 etiam
918 1112 1094 1163 remotarum
1111 1109 1140 1162 et
1155 1097 1280 1164 alterius

76 1181 149 1262 plane
163 1182 337 1247 dioeceseos
353 1185 570 1267 prouinciarum
586 1186 720 1268 episcopi
735 1187 936 1268 convenerint,
953 1198 986 1250 nt
1000 1188 1030 1250 in
1049 1189 1162 1271 syuodo
1179 1191 1280 1272 dncy·

76 1288 145 1349 rana,
168 1270 286 1353 Syriae,
311 1271 446 1353 Ciliciae,
469 1273 649 1357 Lycaoniae,
668 1274 828 1359 Pbrygiae,
846 1274 987 1353 Pisidiae,
1003 1275 1207 1379 Pamplrpliae,
1223 1275 1280 1338 Bi·

76 1357 188 1437 tbpnine,
208 1358 419 1441 Cappadociae
434 1362 545 1444 primae
562 1362 746 1442 aliarumque
760 1362 977 1444 prouinciarum
993 1362 1137 1445 episcope,
1154 1384 1280 1446 quoru

75 1464 161 1508 onnes
176 1449 290 1530 syuodo
308 1449 527 1532 subscripsisse
547 1449 674 1513 exactis
690 1460 822 1532 apparet,
844 1461 948 1533 postea
964 1450 996 1512 in
1011 1450 1076 1513 suis
1092 1448 1163 1515 illos
1178 1452 1280 1515 ecda·

76 1530 120 1595 aiis
133 1535 167 1597 ad
183 1555 316 1599 normam
332 1557 443 1617 eornm,
461 1558 538 1619 quas
551 1538 582 1599 in
599 1538 772 1620 provinciali
789 1537 917 1602 concilio
929 1539 966 1601 de
980 1537 1161 1620 poenitentia
1176 1538 1279 1622 lapso·

76 1640 128 1681 mm
142 1624 266 1686 decreta
276 1624 395 1688 inerant
408 1636 440 1689 et
456 1648 533 1708 quae
549 1625 764 1690 subscribendo
781 1637 844 1692 rata
860 1625 905 1689 illi
922 1625 1097 1705 habuerant,
1120 1646 1187 1689 cnm
1203 1648 1279 1709 pos·

76 1706 218 1772 nitentibus
237 1722 357 1776 acturos
376 1713 489 1793 fuisse,
515 1715 635 1777 dubium
655 1735 713 1776 non
730 1724 785 1794 cst,
811 1714 870 1777 nisi
888 1714 963 1778 forte
979 1734 997 1777 a
1014 1732 1089 1778 suae
1104 1714 1278 1780 dioeceseos

77 1799 292 1880 metropolitano,
313 1821 399 1884 quem
419 1812 521 1883 postea
538 1800 733 1883 patriarcham
750 1802 863 1878 dixere,
886 1803 982 1865 editac
1002 1801 1170 1884 peculiares
1187 1803 1278 1888 hujus

43 1960 48 1967 ἱ
76 1882 111 1944 rei
123 1882 201 1967 leges
217 1896 363 1968 extarent,
383 1890 493 1970 quibus
512 1891 768 1971 adstringercutnr
785 1890 922 1967 omnium,
946 1909 1023 1972 quae
1040 1892 1079 1952 ab
1093 1889 1178 1954 illius
1193 1892 1278 1973 regi·
1315 1914 1318 1923 “

76 1970 139 2034 minc
153 1976 331 2056 pendebant,
345 1977 562 2057 provinciarum
579 1975 720 2059 episcopi.
739 2013 777 2024 -
796 1976 826 2060 ξ.
841 1978 890 2040 12.
907 1976 946 2039 Et
961 1997 1034 2039 sane
1045 1976 1166 2040 fueraut
1178 1987 1277 2042 tantm

77 2060 219 2124 autoritatis
238 2063 315 2129 haec
334 2064 470 2141 concilia,
489 2074 521 2128 nt
540 2076 728 2146 quotcunque
744 2064 776 2126 in
792 2063 830 2126 iis
847 2066 884 2127 de
901 2063 1068 2144 disciplina,
1091 2066 1128 2127 de
1143 2065 1277 2130 moribus

77 2142 185 2230 aliisque
201 2151 405 2234 compluribus
421 2154 513 2216 rebus
528 2150 660 2216 sancitae
676 2151 803 2231 inerant,
818 2150 905 2233 leges
921 2149 1144 2214 ecclesiasticas
1160 2172 1220 2216 nou
1234 2152 1277 2216 ita

76 2232 150 2298 uultu
165 2250 230 2321 post
245 2239 278 2302 in
296 2261 388 2303 unum
404 2239 475 2304 illae
492 2261 601 2322 corpus
618 2250 786 2323 compactae
802 2239 971 2322 scriptoque
985 2241 1142 2303 mandatas
1154 2240 1276 2323 prodis·

78 2318 131 2385 riot
169 2324 239 2390 lude
264 2327 410 2391 cordatus
437 2339 481 2392 est
506 2327 644 2410 antinous
669 2347 814 2392 canonum
842 2330 952 2405 codex,
986 2347 1073 2410 quem
1095 2337 1164 2391 ants
1189 2349 1274 2396 conc.

77 2405 302 2479 Chalcedoueuse
331 2415 361 2477 in
383 2436 455 2479 suos
479 2415 535 2479 sibi
564 2436 637 2479 usus
661 2418 801 2480 screabat
824 2435 934 2498 graeca
958 2415 1102 2496 ecclesia,
1133 2418 1211 2498 qnod
1237 2438 1275 2482 ax
1387 2408 1397 2425 ‘

77 2491 155 2574 ipsius
171 2502 287 2567 concilii
306 2503 423 2567 actione
441 2503 471 2569 t.
492 2514 628 2587 apparet,
648 2505 700 2568 ubi
717 2503 823 2569 (lanosi
840 2513 868 2568 et
882 2503 1033 2581 Dorothei,
1055 2514 1115 2567 tun
1131 2503 1229 2569 Photii
1246 2510 1276 2569 et

78 2579 212 2669 huetmbii,
228 2592 449 2674 episcopcrum,
468 2613 578 2655 causae
594 2595 632 2655 ad
648 2592 732 2655 illius
749 2596 869 2657 decreta
885 2592 1100 2656 examinantur.
1134 2592 1274 2658 Cauonea

77 2666 100 2729 iu
112 2671 160 2735 hoc
174 2679 275 2743 codice
291 2680 332 2742 ita
348 2680 483 2761 dispositi
501 2690 593 2758 erant,
618 2690 650 2743 ut
665 2679 790 2744 Nicaeui
805 2680 838 2742 in
853 2680 950 2743 leonte
967 2689 1178 2762 comparerent,
1202 2702 1274 2762 pro·
1326 2717 1334 2726 ·

78 2766 132 2835 pter
141 2768 323 2832 autoritatem
343 2778 371 2829 ct
387 2767 557 2848 dignitatem
577 2768 676 2849 magui
695 2767 778 2832 illius
795 2768 923 2845 concilii,
940 2769 1018 2848 quod
1038 2767 1161 2848 primum
1181 2788 1274 2831 oecu-

77 2846 199 2914 menicum
223 2855 354 2919 ecclesia
381 2855 541 2919 christiana
564 2855 738 2940 celebrarit,
771 2867 966 2938 sequerentur
990 2854 1095 2917 deinde
1112 2855 1274 2934 Ancyrani,

77 2929 340 3017 Neocaesarecnscs,
352 2941 552 3025 Gangrenses,
566 2942 747 3020 Antiocheni,
758 2943 931 3021 Laodiceni,
942 2941 1273 3024 constantinopolitani,

78 3037 159 3087 omnes
179 3029 208 3090 in
227 3033 293 3095 ton
311 3030 408 3111 capita
431 3053 491 3094 nna
510 3031 679 3094 continuata
698 3051 885 3093 numerorum
910 3028 988 3092 serie
1009 3027 1138 3109 digesti,
1162 3030 1272 3111 quibua

78 3119 193 3186 postea,
215 3119 320 3203 synodi
338 3118 592 3183 Chalcedonensis
615 3129 745 3202 tempore
767 3121 804 3181 nd
821 3116 995 3199 Dionysium
1019 3133 1132 3197 usque,
1157 3117 1272 3181 Romae

78 3194 199 3281 abbatem,
224 3217 420 3288 cognomento
440 3207 601 3289 Exiguum,
626 3213 818 3269 accesserunt
837 3205 1107 3283 chalcedonenses,
1123 3214 1272 3288 postremo

79 3277 197 3364 doluerint
217 3314 356 3371 canones,
383 3297 460 3357 nude
478 3294 600 3373 factum,
622 3304 654 3357 ut
677 3315 713 3358 ex
733 3293 789 3358 ista
809 3313 954 3358 canonum
979 3291 1130 3373 farragine
1154 3295 1272 3357 tandem

78 3377 157 3436 tatum
177 3378 265 3445 luerit
286 3380 360 3444 illud
385 3381 496 3445 codicis
515 3402 641 3463 corpus,
665 3383 751 3465 cujus
768 3382 922 3445 autoritate
940 3379 1071 3464 aequiori
1087 3401 1170 3461 aero,
1187 3392 1272 3465 post·

80 3469 147 3534 tuam
155 3464 310 3532 iustiniani
328 3473 446 3534 Nouello
461 3472 531 3533 tet.
548 3462 646 3550 legum
662 3470 932 3535 ecclesiasticarum
948 3472 1005 3532 rim
1022 3468 1273 3541 emineamus·

79 3551 113 3604 0⁸¹
126 3551 254 3621 universa
272 3556 411 3621 ecelesia.
448 3558 482 3619 ln
500 3555 727 3638 quibuscunque
742 3558 835 3639 igitur
851 3556 982 3621 Orientis
997 3555 1135 3619 ecclesiis
1151 3568 1272 3637 recepta
1359 3563 1360 3566 ’

79 3626 124 3694 luit
139 3649 199 3703 ante
222 3645 377 3709 concilium
394 3645 639 3710 Ghalcedoueuse
661 3644 736 3707 haec
759 3665 903 3707 canonum
929 3641 1084 3713 collectio,
1111 3642 1294 3705 inlicita

79 3733 175 3803 recepta
188 3730 251 3812 fnit,
267 3743 300 3796 ut
316 3733 428 3816 ejusde
444 3731 632 3815 poenitentia,
649 3730 845 3813 poenitentiae
861 3740 990 3811 tempore
1007 3739 1035 3792 et
1051 3727 1082 3788 in
1100 3729 1271 3794 universnm

80 3802 108 3864 lt
122 3810 265 3899 disciplina
284 3819 357 3884 cccl.
373 3822 490 3885 decreta
507 3819 571 3901 pari
589 3820 743 3883 autoritate
760 3822 867 3882 donata
883 3817 1003 3879 fuerint.
1028 3852 1072 3861 -
1096 3818 1125 3904 ᾗ.
1144 3817 1195 3881 tt.
1225 3818 1271 3882 dd

80 3886 148 3995 ἥξω
162 3917 297 3988 vergente
314 3927 376 3973 sec.
392 3909 440 3974 lv.
458 3909 586 3993 majores
603 3909 639 3970 ad
656 3907 807 3970 leuitatem
826 3921 1007 3989 progressus
1022 3903 1054 3966 iu
1073 3903 1194 3995 Oriente
1214 3906 1272 3970 ha·

81 3975 130 4043 burt
155 3988 305 4078 disciplina
336 3996 476 4062 severior.
521 3996 644 4059 Remoto
673 3993 749 4058 enim
781 3995 812 4056 in
839 3991 1168 4074 constantinopolitana
1195 3994 1271 4059 eccl.

80 4069 187 4152 ¹¹‘'mlote
202 4081 329 4147 Nectarii
349 4087 528 4168 presbytero,
546 4083 594 4166 qui
612 4082 768 4146 audiendis
784 4083 910 4146 vacabat
924 4080 1135 4161 poenitentium
1150 4081 1280 4144 confess

80 4148 201 4257 tltoibus,
223 4171 308 4251 plane
325 4172 443 4236 sublata
458 4170 514 4234 luit
531 4180 717 4254 pcccatorum
732 4171 847 4253 privata
866 4168 1028 4247 confessio,
1046 4167 1158 4232 sublati
1174 4166 1271 4249 etiam,

96 4255 120 4340 ,m
139 4254 345 4329 poenitentibus
369 4262 524 4342 bucusque
545 4259 662 4324 ferendi
677 4256 1030 4341 inerant,'poenitentiao
1052 4253 1172 4320 labores
1195 4256 1270 4318 adeo
1364 4337 1366 4342 s

34 4337 37 4350 '
96 4326 194 4432 ¹flttlca
218 4357 245 4409 et
266 4337 392 4412 molesti.
417 4347 497 4410 Hinc
515 4345 545 4409 in
564 4347 639 4412 eccl.
656 4345 985 4429 constantinopolitana
1000 4342 1110 4408 senaim
1126 4344 1163 4405 de
1178 4341 1272 4406 disei-

81 4407 163 4487 llttae
180 4428 270 4512 rigore
288 4435 457 4516 remissum,
482 4435 561 4498 lacta
578 4443 732 4518 potestate,
756 4444 789 4497 ot
805 4455 857 4517 pro
872 4455 943 4497 saco
957 4438 1072 4516 ᾳιιίιᾳιιι
1089 4435 1271 4494 membratur
1341 4431 1349 4440 ”

81 4507 171 4573 '‘²¹⁰¹'‘
188 4520 222 4591 ‚tl
237 4523 440 4609 mysteriorum
458 4522 691 4592 communionem
708 4524 873 4605 accederet,
895 4522 976 4603 quod
992 4519 1132 4585 Socrates
1148 4526 1289 4584 testatur‘

118 4605 283 4676 Thurulteria
296 4626 369 4674 etsta
381 4627 439 4673 tna.
836 4672 840 4696 ,
1027 4606 1070 4671 18
