3067 5075
344 296 381 360 de
397 296 575 380 baptisteriis
592 282 719 362 deterrito
737 298 980 363 Christianorum.
1204 288 1270 371 117

51 472 254 537 destinabant.
287 472 338 536 Sic
354 484 466 536 veteres
484 474 697 537 consecrabant
713 476 873 558 tempia*),
892 477 1061 560 aitaria”),
1085 499 1157 543 rasa
1174 490 1203 543 et
1219 503 1269 545 re-

50 565 126 646 liqua
145 564 250 624 omnia
267 567 300 625 ad
320 585 435 624 saeuum
454 579 624 644 apparatum
651 564 825 646 pertinentia
837 565 908 647 m).
947 564 1028 628 Haeo
1045 566 1143 649 itaque
1162 570 1270 652 templa

52 650 210 733 etreliqua
229 655 266 713 ad
286 651 393 713 coitum
413 653 539 713 divinum
564 655 724 733 spectantia
745 674 809 714 cum
833 654 955 716 soicmni
980 657 1037 715 ritu
1054 668 1269 738 consecrarent,

51 740 223 820 baptisteria
251 740 334 800 etiarn
362 753 391 800 ut
416 738 675 814 consecrarentur,
702 743 858 821 diiigenter
883 747 1035 804 curabant.
1071 744 1157 806 Ritus
1181 760 1268 827 atque

54 828 255 905 ccrerrrnnias,
280 846 354 908 quas
373 829 518 908 primaeva
536 828 724 915 praescripsit
741 830 884 906 ecclesia,
905 829 1016 892 ‘iitteris
1034 833 1268 915 consignatas†)

52 914 197 996 legimus:
231 910 368 977 Primitos
386 915 434 976 bat
450 939 527 997 etqua
543 916 695 978 benedicta
714 940 778 977 rum
797 917 908 979 litania.
944 920 1053 980 Deinde
1071 921 1184 981 dicatur
1198 944 1268 983 ora·

54 1005 107 1064 tio:
132 1001 339 1084 onruipotens,
366 1006 540 1084 serupiterne
557 1006 656 1081 Deus,
683 1004 750 1065 fons
776 1007 901 1067 omniurn
920 1007 1054 1067 virtutum
1073 1020 1101 1068 et
1117 1009 1270 1088 plenitudo

54 1092 221 1172 gratiarum,
241 1093 364 1168 dignare
382 1093 436 1151 boc
453 1093 613 1166 nasaniam,
632 1115 716 1152 sacro
730 1095 893 1174 baptismati
907 1093 1089 1164 destinatum,
1108 1097 1268 1175 nrajestatis

54 1189 115 1239 tuae
134 1179 305 1258 praesentia
324 1199 509 1257 consecrare,
529 1188 567 1251 ut,
593 1180 641 1260 qni
659 1181 768 1261 ubique
791 1194 867 1242 totus
886 1202 927 1255 es,
954 1181 1038 1242 etiam
1057 1181 1103 1242 bic
1119 1187 1222 1245 adesse
1242 1193 1269 1246 te

54 1269 156 1328 nostris
175 1268 316 1345 precibus
334 1271 503 1329 sentiamus.
543 1268 630 1328 'func
650 1278 788 1347 aspergat
806 1269 936 1348 pontifex
955 1269 1049 1349 ipsum
1068 1270 1270 1348 baptisterium

56 1376 125 1434 aqna
144 1356 311 1430 benedicta,
328 1357 438 1415 addens
457 1358 573 1417 odorem
591 1355 715 1416 incensi.
735 1392 772 1401 —
790 1353 816 1437 ᾗ.
828 1358 857 1416 6.
877 1344 1070 1416 Haerentem
1088 1358 1269 1437 baptisteria,

56 1443 87 1501 de
103 1461 227 1522 quorum
246 1443 467 1503 consecratione
485 1464 528 1516 eu,
554 1463 629 1522 quae
647 1442 850 1516 innotuerunt,
875 1443 1161 1521 communicavimus,
1187 1455 1270 1508 erant

56 1529 150 1610 primis
167 1532 351 1608 temporibus
369 1529 501 1591 aedificia
519 1551 640 1611 prorsus
652 1544 789 1611 separatu
800 1552 818 1592 a
830 1530 946 1609 templis
959 1530 1189 1593 Christianorum
1199 1533 1268 1613 iis),

56 1619 163 1678 tandem
180 1618 301 1699 templis
320 1618 401 1678 inere
422 1618 524 1700 junctu
549 1633 635 1699 atque
652 1617 682 1678 in
701 1641 800 1680 eorum
818 1618 940 1678 introitu
956 1639 1060 1679 versus
1079 1621 1269 1699 occidentem,

58 1712 123 1765 teste
141 1703 397 1785 iiingiramo†††)
416 1717 571 1767 exstructa.
612 1705 665 1781 Et,
691 1706 715 1767 si
733 1707 911 1788 conjecturis¹
930 1706 1013 1766 iocus
1032 1718 1085 1785 est,
1109 1707 1175 1769 ideo
1192 1709 1269 1788 bap-

58 1791 159 1853 tisteria
177 1794 205 1852 in
225 1794 301 1854 atrio
318 1792 488 1872 tempiornm
506 1790 706 1869 aedificarunt,
723 1796 800 1875 quod
818 1794 981 1873 baptismus
994 1805 1039 1854 est
1054 1807 1269 1856 sacramentum

60 1878 233 1956 initiationis
262 1902 314 1960 per
330 1883 405 1961 qnod
423 1879 613 1941 admittuntur
630 1882 761 1942 bomines
780 1881 808 1941 iu
827 1879 982 1942 eccelesiam
1000 1889 1028 1943 et
1046 1885 1081 1941 ad
1101 1903 1187 1943 sarira
1205 1905 1269 1977 mp-

60 1966 140 2028 steria
158 1979 298 2050 tanquam
323 1986 387 2048 pcr‘
399 1969 514 2030 ostium.
550 1968 609 2029 Sec
627 1968 764 2050 quicquid
785 1972 897 2028 demum
916 1967 954 2029 sit
970 1972 1005 2029 de
1030 1967 1118 2049 hujus
1137 1990 1270 2031 ceremo-

60 2052 118 2116 niae
133 2053 199 2133 fide,
219 2056 308 2117 nobis
321 2056 375 2116 boc
387 2054 450 2116 ioco
465 2064 583 2116 notasse
597 2056 735 2132 sufficiat,
753 2057 831 2138 quod
848 2055 920 2117 baec
936 2055 1107 2137 baptisteria
1120 2076 1270 2119 consensu

63 2143 177 2203 omnium
201 2143 273 2204 ioca
296 2143 405 2205 credita
423 2143 531 2204 tuerint
548 2143 746 2207 sanctissima.
786 2142 851 2206 Hoc
875 2154 973 2224 patere
999 2143 1066 2204 uribi
1092 2143 1207 2206 videtur
1231 2164 1271 2206 ex

63 2228 159 2309 dnpbci
177 2232 313 2292 ratione:
340 2233 409 2312 quia
432 2230 649 2293 catechumenis
673 2235 729 2292 sub
747 2230 941 2311 gravissimae
966 2252 1080 2311 poenae
1104 2230 1270 2294 conditione

63 2327 116 2376 erat
130 2318 316 2380 interdictum
334 2319 364 2379 in
382 2315 508 2380 concilio
528 2317 629 2380 burel.
650 2321 665 2380 1
685 2341 749 2380 can.
769 2320 834 2393 19.,
852 2339 887 2380 oe
903 2319 934 2379 in
951 2320 1030 2379 bunc
1049 2318 1143 2380 iocum
1163 2339 1270 2398 proce-

63 2398 139 2478 daut3
162 2413 220 2467 tum
241 2406 312 2488 quia
328 2406 479 2484 homines,
505 2407 554 2488 qni
575 2406 716 2487 ejusmodi
736 2406 938 2486 baptisterium
963 2406 1025 2468 suis
1049 2409 1194 2468 sumtibus
1213 2428 1270 2469 ex-

64 2498 236 2573 struxerant,
262 2514 337 2575 opus
361 2497 502 2575 putabant
527 2494 716 2558 meritorium.
753 2492 948 2556 Luculentum
966 2493 1056 2576 hujus
1076 2494 1116 2556 rei
1136 2492 1269 2557 testimo-

54 2575 132 2641 ninm
149 2583 269 2644 exbibet
284 2582 455 2663 inscriptio,
480 2604 556 2662 qnae
573 2582 751 2644 Bctbicbemi
770 2582 801 2642 in
820 2582 987 2662 baptisterio
1005 2582 1123 2662 antiquo
1141 2583 1268 2661 iegiturt

64 2663 113 2726 Pro
128 2672 275 2748 memoria,
292 2670 389 2751 quiete
407 2682 434 2731 et
450 2670 622 2731 remissione
641 2681 826 2752 peccatorum
845 2669 880 2732 Ο.
899 2669 933 2731 Ν.
952 2671 977 2732 1.
994 2670 1138 2731 Dominus
1156 2690 1270 2749 cogno-

65 2751 101 2813 rit'
114 2753 278 2837 onniapt).
298 2794 335 2805 -
358 2756 385 2840 ᾗ.
401 2759 432 2819 7.
450 2758 494 2818 1111
511 2770 617 2833 autem,
635 2760 682 2838 qui
701 2759 765 2819 suis
784 2756 927 2818 sumtibus
945 2757 1114 2837 baptisteria
1132 2773 1270 2819 exstrue-

66 2838 125 2901 bant
140 2844 281 2923 honines,
300 2866 363 2905 eam
379 2845 526 2906 habebant
543 2848 793 2922 consuetudinem,
811 2857 841 2905 nt
853 2843 904 2905 itta
916 2846 944 2905 in
960 2856 1114 2927 martyrum
1131 2843 1271 2926 sepulcra

68 2925 257 3010 aedificarent,
282 2942 349 3009 ant,
375 2931 480 2993 sideri
501 2954 559 2993 non
578 2932 687 3013 possit,
716 2952 786 2993 ossa
804 2953 903 2992 eornm
920 2931 1147 3010 inferrent†**).
1187 2933 1270 2995 Haeo

68 3027 150 3078 antem
167 3021 351 3083 consuetudo
368 3020 512 3099 originem
536 3042 572 3081 ex
590 3019 816 3100 superstitione,
843 3040 879 3079 ne
897 3018 990 3079 diram
1011 3039 1109 3080 errore
1135 3022 1270 3098 quodam,

68 3106 191 3170 traxerat.
223 3110 271 3170 De
288 3107 399 3169 meritis
417 3109 491 3168 enirn
510 3117 667 3190 rnartyrum
686 3106 763 3188 pius,
784 3127 869 3188 quarn
888 3105 959 3167 satis
978 3117 1032 3180 est,
1051 3104 1182 3186 glorifice
1198 3128 1270 3167 sen-

69 3187 172 3271 tiebant,
196 3196 281 3277 ipsos
299 3207 439 3277 martyres
459 3196 535 3257 omni
552 3197 664 3257 bonore
683 3206 821 3257 ornantes
839 3213 907 3256 ossa
924 3214 1038 3270 eorum,
1063 3193 1087 3256 si
1107 3198 1191 3255 modo
1207 3195 1271 3256 fieri

70 3280 240 3364 possit†*”‘)
267 3282 421 3364 splendide
439 3282 565 3364 sepelire
593 3284 736 3346 sotebant.
775 3281 840 3344 Hoc
860 3304 918 3344 nnn
945 3303 981 3343 ex
1005 3280 1141 3358 prioriiica
1160 3290 1271 3343 tantum

71 3361 218 3433 demeritis
235 3382 394 3454 martyrum
411 3370 653 3453 proficiscebatur
669 3370 778 3454 opinio,
795 3374 897 3433 sodex
912 3365 971 3432 aiio
984 3369 1070 3433 etiam
1088 3392 1181 3453 enque
1197 3391 1271 3453 gra-

70 3502 286 3530 ἣξ-

72 3603 156 3727 umbi
180 3608 222 3733 1¹13
248 3610 444 3663 enumeratione
469 3610 621 3679 temptorum
650 3610 704 3661 vid.
729 3607 827 3662 liusab.
859 3610 921 3663 bist.
946 3609 1012 3662 ecci.
1038 3605 1086 3676 10,
1117 3608 1143 3662 1.
1170 3615 1197 3661 at
1222 3608 1271 3662 Ss-

73 3799 92 3853 2
111 3712 175 3858 13⁴5
192 3747 231 3810 Da
259 3750 456 3801 consecratione
474 3749 595 3802 altarium
613 3748 683 3801 soni.
705 3747 824 3801 Mariana
843 3749 876 3798 de
895 3749 1012 3819 antiquas
1028 3748 1152 3801 ecelesiae
1175 3747 1271 3800 nisius

92 3841 99 3859 ι
128 3831 186 3944 *iii
202 3818 263 3937 {iii
277 3875 395 3949 biartene
416 3888 434 3939 l.
453 3904 475 3941 e.
491 3899 519 3951 p.
539 3884 599 3939 378.

130 3946 161 4008 'ii
181 3956 249 4007 Yott'r'.
268 3958 350 4009 XIV.
370 3951 487 4005 biblioth.
507 3961 577 4007 sinx.
598 3959 714 4009 Pam.

130 4015 181 4079 'iii
200 4022 323 4088 Binsbam
342 4025 361 4073 l.
381 4041 402 4075 e.
423 4042 444 4080 e.
464 4023 489 4076 7.
511 4022 539 4090 §.
561 4024 586 4077 1.

129 4087 199 4219 W)
220 4092 343 4155 Bingbam
362 4091 425 4143 ibid.
448 4090 476 4160 §.
497 4093 522 4145 1.
922 4153 927 4162 Ι

129 4155 149 4217 'i'
195 4151 248 4212 cte.
267 4157 459 4227 Weddarkarnp
478 4159 771 4227 rebaptisatus&
791 4157 819 4228 §
836 4159 881 4217 21.

130 4221 187 4282 †⁸⁸i
205 4228 258 4281 Cir.
278 4229 469 4297 Wedderiamp
491 4230 554 4281 ibid.
576 4248 597 4283 e.
615 4232 642 4287 2.
664 4229 691 4296 §.
710 4232 754 4286 24.
774 4267 786 4288 .

133 4290 209 4353 †***i
229 4297 303 4349 Omni
321 4314 384 4349 cora
404 4299 429 4350 in
451 4300 606 4365 sepeliendis
629 4300 786 4366 martyribus
805 4313 868 4365 opus
886 4302 944 4350 erat
961 4291 1269 4363 primitivae-ecciesiae.

78 4344 132 4427 an
146 4365 248 4420 scuritas
269 4383 368 4418 omnem
386 4368 569 4439 impendebant
586 4384 689 4434 operam
709 4369 734 4417 in
756 4365 910 4433 quaerendis
931 4367 1056 4485 matfiurnm
1076 4362 1226 4430 corporibus
1245 4368 1272 4413 et

79 4427 344 4500 dinunumerare,
366 4452 398 4488 ea
417 4437 520 4501 indigne
540 4436 656 4503 maleque
676 4443 833 4487 tractarunt.
855 4431 977 4488 Vidboe
996 4433 1141 4497 meridisp.
1159 4431 1272 4502 dejure
1327 4449 1332 4458 ’

80 4496 184 4552 ‘nmis'
198 4505 344 4556 commerita
361 4522 383 4560 e.
401 4506 426 4558 1.
448 4503 475 4572 §
497 4504 539 4556 14.
