3067 5075
364 231 400 294 do
415 227 523 297 veteris
539 220 613 299 eccl.
631 229 710 299 eirca
722 229 907 316 poenitentes
922 229 1032 312 rigore.
1053 272 1060 283 -
1241 227 1309 295 271

87 403 296 489 mandentium
325 423 399 488 pace
424 415 452 473 et
475 409 563 472 renis
581 406 688 489 dignos
711 407 742 470 iu
762 417 855 473 morte
869 409 1023 472 habendos
1040 428 1127 488 esse,
1149 406 1253 472 ianua
1268 408 1308 473 ad

86 490 268 573 llirne'rium„
284 494 547 559 Tarraconensem
569 494 662 578 episc.
684 494 824 560 decretali
849 496 973 577 epistola
992 515 1057 561 can.
1077 496 1109 559 3.
1126 498 1309 565 decreverat.

86 617 124 629 -
138 579 165 664 d.
180 584 213 644 7.
232 582 347 664 Neque
362 603 448 663 porro
464 584 615 665 antiquum
632 582 715 647 illum
733 584 813 649 circa
828 585 963 666 relapsos
979 585 1107 666 rigorem
1118 585 1224 648 Patres
1240 583 1308 647 Τι-

85 668 168 732 letani
186 689 356 735 revocasse
373 671 489 733 dicendi
507 680 587 750 suut,
613 694 679 735 oum
699 675 735 736 ad
756 693 900 737 canonum
919 674 1049 755 priorum
1068 672 1253 736 serenitatem
1275 671 1309 735 in
1365 688 1368 693 ·

85 777 131 819 cos
147 757 352 820 animadverti
365 759 480 841 jubent,
505 760 555 841 qui
575 771 641 841 post
659 756 866 843 poenitentiam
881 761 1053 842 veniamque
1072 760 1164 823 semel
1179 780 1308 840 recum·

83 856 170 911 ratam
193 845 360 909 criminum
385 850 544 915 eorundem
563 849 704 911 sordibus
727 849 870 932 inquinati
889 849 1016 912 luerent.
1060 847 1198 911 Sanctior
1214 848 1308 911 disci·

83 932 157 1013 plina
175 932 248 995 bine
276 945 309 996 et
334 934 401 996 inde
419 933 449 996 iu
467 935 631 1016 Hispaniae
651 936 785 1002 eeclesiis
801 940 875 1005 adeo
894 957 912 999 a
928 937 1023 1018 priua
1039 936 1194 999 severitate
1211 938 1309 1017 dege·
1348 946 1353 951 '

82 1030 253 1099 necaverat,
299 1031 334 1087 ut
364 1024 569 1102 peccatoribus
600 1024 693 1087 semel
726 1025 882 1088 enormiter
910 1023 1171 1107 delinquentibus,
1199 1022 1324 1087 iterunv

81 1106 244 1190 iterumque
263 1108 519 1191 delinquentibus,
537 1113 651 1195 quoties
667 1113 874 1193 poenitentiam
890 1113 1071 1187 simularent,
1087 1112 1172 1175 toties
1187 1113 1309 1175 daretem

82 1195 233 1258 criminum
264 1196 367 1260 venia.
410 1200 492 1261 Adeo
516 1199 647 1263 nefarios
670 1221 772 1263 eorum
797 1211 919 1264 conatus
946 1209 977 1263 ut
1000 1199 1045 1262 illi
1071 1197 1307 1283 comprimerent,

82 1283 253 1347 criminibus
272 1283 369 1348 semel
387 1286 503 1367 quidem
521 1288 677 1351 obstrictos
690 1298 756 1371 post
768 1286 904 1369 elapsum
918 1287 1132 1353 satisfactionis
1144 1286 1312 1355 canonicas.

82 1380 191 1452 tempus
209 1373 365 1436 ecclesiae
382 1376 573 1439 decreverunt
589 1396 657 1439 esse
676 1376 891 1453 restituendos3
909 1377 1014 1439 iterum
1032 1385 1129 1437 autern
1148 1375 1306 1443 obstrictos

83 1458 257 1540 antiquioris
276 1461 454 1542 disciplinae
471 1463 561 1544 rigori
579 1464 619 1527 ita
635 1464 800 1547 subjecere,
821 1475 852 1528 ut
869 1464 899 1526 ἰιι
917 1463 1055 1544 squalore
1074 1472 1103 1525 et
1118 1461 1201 1525 luctu
1218 1461 1307 1526 nnn

82 1567 190 1609 omnem
210 1548 419 1630 transigerent
434 1562 463 1614 et
480 1550 598 1614 nonnisi
618 1551 649 1615 in
668 1552 749 1616 exitu
771 1553 857 1635 pacis
874 1550 1020 1615 ecclesiae
1044 1560 1073 1613 et
1091 1548 1306 1615 communionis

84 1635 237 1718 participes
255 1640 464 1703 redderentur.
501 1638 624 1703 Scilicet
640 1640 715 1704 iaco
739 1650 832 1720 erant,
853 1662 928 1724 qnae
949 1640 1011 1721 jam
1029 1637 1098 1702 olim
1115 1658 1134 1700 a
1151 1639 1222 1701 sede
1239 1638 1307 1701 rto·

85 1742 162 1786 urna
181 1727 309 1788 decreta
321 1725 443 1791 inerant
467 1747 532 1789 ean.
549 1729 580 1792 5.
606 1731 690 1791 ruodo
711 1730 847 1796 laudatae
865 1726 1016 1811 epistolae,
1042 1747 1128 1809 qaam
1144 1729 1184 1790 ad
1197 1725 1306 1789 Hime-

84 1809 163 1892 riuur,
175 1812 452 1893 'sarraconeusem
469 1815 603 1896 Syricius
619 1819 754 1881 dederat:
771 1826 815 1879 Dr
829 1821 873 1880 bis
887 1839 951 1880 orro
967 1839 1022 1878 non
1035 1824 1184 1895 inconprrre
1195 1816 1307 1879 ditantia

85 1908 130 1960 tan
145 1905 337 1981 apostolicum
354 1905 446 1965 aedem
471 1905 587 1967 credidit
601 1908 807 1982 consalandum,
827 1911 875 1985 qni
890 1915 954 1967 nctn
969 1910 1147 1984 poenitentia,
1169 1912 1307 1983 tanqum

86 2007 160 2049 maer
188 2011 223 2051 oc
248 2011 319 2053 erma
346 1994 384 2053 nd
407 2000 526 2054 ιιιιιιίίιιι
547 1999 681 2073 pristinos
700 2004 727 2054 et
751 1995 790 2077 od
804 1994 950 2055 oolntabro
973 1993 1115 2053 redcnmea
1139 2000 1165 2065 rt
1188 1992 1307 2051 militine

86 2079 218 2154 obpninm
241 2090 270 2141 et
291 2079 417 2142 ludicras
432 2084 588 2159 oolnptntrs
608 2092 634 2143 ot
657 2102 729 2143 noco
749 2082 877 2159 conjapia
899 2090 926 2141 rt
943 2081 1073 2140 inbibitos
1089 2080 1177 2139 denno
1194 2083 1306 2156 oppeti-

86 2181 140 2224 nrrr
163 2169 339 2229 manebitur.
384 2170 562 2249 nequibas,
590 2174 656 2249 pria
677 2171 740 2247 jam
763 2169 915 2246 rnffnptnrn
938 2188 993 2229 non
1016 2167 1117 2229 balent
1140 2165 1304 2249 poenitendi,

89 2251 259 2315 iddraninrrrs
276 2256 483 2329 decoramen,
500 2267 531 2318 nt
544 2259 606 2318 colo
623 2262 699 2318 intro
713 2258 857 2318 anteriora
873 2256 998 2331 bdetibne
1013 2260 1141 2316 oratioue
1151 2255 1306 2333 §aponwrp

86 2357 178 2404 ronne
189 2349 388 2417 rapotoniornnr
401 2345 559 2417 celebritati,
577 2350 704 2426 panorm
715 2365 771 2406 non
786 2354 950 2421 mereantur,
966 2347 1104 2415 intersint,
1120 2361 1140 2402 c
1151 2341 1307 2403 tennione
1369 2343 1375 2357 '

87 2435 172 2488 mern
190 2450 309 2492 menone
325 2436 447 2493 conoioio
464 2443 646 2515 ropreperrtnr,
663 2443 694 2495 ut
708 2435 761 2495 buo
775 2435 875 2494 saltem
890 2433 1060 2494 districtione
1074 2433 1192 2508 arrepti
1206 2436 1233 2488 rt
1247 2433 1305 2508 ipa

86 2517 112 2574 in
128 2535 156 2578 eo
174 2538 230 2580 ono
247 2529 349 2584 errato
366 2526 497 2598 onebpent
514 2531 540 2583 rt
556 2523 623 2583 aliia
641 2523 795 2603 coemptam
813 2523 943 2593 tribuent,
963 2529 1100 2602 qucum
1115 2519 1151 2580 ab
1165 2517 1306 2580 obscoenis

40 2665 45 2680 ,
86 2606 284 2680 cupiditatibus
301 2611 491 2672 retrudantur.
538 2613 614 2684 ans
637 2620 730 2672 tomen
755 2612 902 2690 (munim
925 2610 1035 2670 carnoli
1053 2608 1210 2683 fropilitotr
1229 2610 1304 2667 coci·

86 2690 191 2773 baar)
214 2701 324 2758 oimtioo
343 2717 462 2769 maome,
489 2719 551 2759 curn
569 2700 607 2759 od
625 2704 775 2760 Donrtnonr
791 2703 927 2778 coeperint
945 2696 1093 2776 proticisci,
1111 2713 1160 2773 prr
1178 2713 1303 2753 marma·

88 2784 171 2842 rnna
184 2789 317 2861 pretinm
332 2785 458 2846 oolnmei
474 2786 622 2847 rebkoori.
669 2789 760 2860 Quone
776 2787 900 2861 smmum
915 2794 942 2844 ct
957 2790 1030 2844 circo
1046 2782 1184 2856 marliaco,
1202 2800 1258 2860 pan
1273 2785 1305 2842 ιο

87 2878 145 2944 Μ
162 2877 365 2950 porninntinno
390 2874 493 2934 talibus
509 2874 708 2954 pollutionibus
726 2875 925 2946 manarant,
945 2871 1113 2933 rorwndom
1129 2888 1190 2929 aare
1207 2888 1304 2930 cenea

89 2974 150 3017 aar.
194 2959 269 3022 Non
291 2959 350 3020 alio
374 2958 482 3040 igitur,
510 2958 567 3021 nisi
593 2979 679 3038 queue
704 2956 757 3020 illa
776 2957 884 3041 Syricii
910 2957 1077 3038 patiuntur,
1102 2975 1195 3018 sensu
1217 2976 1305 3021 conc.

90 3038 223 3108 Toletani
249 3050 285 3109 de
306 3048 484 3128 poenitentia
508 3046 691 3129 relapsorum
717 3048 835 3109 decreta
858 3044 1034 3125 accipienda
1056 3062 1134 3119 esse,
1156 3042 1305 3110 existimo.

89 3124 227 3211 blittruda
257 3134 354 3197 luerat
380 3133 506 3216 epistola
529 3137 566 3199 ad
592 3142 764 3213 itimrrinrn,
797 3145 829 3197 ut
852 3132 1011 3212 unicuique
1037 3131 1244 3213 cpiscoporum
1268 3132 1305 3196 dc

89 3233 261 3298 erroneum
283 3220 365 3286 illius
382 3231 538 3303 constaret,
561 3223 590 3285 in
610 3243 712 3286 omues
729 3221 819 3286 totius
835 3220 999 3302 Hispaniae
1017 3219 1202 3302 provincias,
1226 3221 1306 3301 qnod

91 3322 123 3367 cx
144 3306 200 3376 fine
224 3311 295 3393 ejus
313 3322 444 3392 apparet.
461 3346 502 3359 -
522 3312 551 3397 ᾗ.
567 3311 597 3375 8.
629 3313 725 3390 Quaen
744 3312 775 3373 iu
792 3310 991 3374 custodiendis
1012 3309 1115 3373 iisdem
1134 3307 1306 3389 praesulum

90 3389 286 3461 Romanorum
311 3398 437 3462 decretis
460 3398 611 3481 religiosi,
643 3421 730 3481 quam
757 3411 917 3462 servatae
944 3396 1305 3485 nrajoribnsdisciplinae

92 3480 247 3552 retinentes
264 3486 389 3569 Hispani
408 3486 526 3562 luerint,
546 3509 612 3549 cum
630 3487 721 3551 multa
737 3491 874 3569 probant,
900 3496 959 3549 turn
977 3485 1103 3548 maxime
1119 3483 1205 3561 illud,
1227 3486 1306 3564 quod

80 3584 149 3634 tto.
164 3574 231 3638 vll.
249 3575 443 3644 conciliorum
467 3575 595 3655 omniurn
619 3595 766 3651 canonos,
796 3593 927 3653 eousque
951 3574 990 3635 ab
1009 3570 1138 3633 ecclesia
1161 3572 1307 3650 conditos,

94 3673 153 3721 corn
168 3663 369 3727 decretalibus
385 3663 553 3746 pontificum
564 3662 764 3726 Romanorum
778 3660 921 3740 epistolis,
938 3679 1014 3742 quae
1026 3667 1067 3720 tot
1078 3655 1199 3734 seculis,
1213 3676 1306 3738 prae-

95 3745 186 3812 sertim
211 3754 249 3814 ad
266 3752 419 3832 Hispanos
438 3751 565 3832 scriptae
583 3751 710 3828 fuerant,
734 3769 792 3811 uno
809 3749 970 3829 eodemque
990 3745 1091 3808 codice
1110 3742 1259 3808 asservari
1278 3752 1308 3806 et

95 3848 144 3910 por
161 3839 316 3904 universas
335 3839 545 3923 Hispaniarum
566 3835 913 3906 containeotssnmtnart
934 3833 1118 3912 curaverint,
1142 3855 1210 3916 quo,
1234 3830 1306 3915 qnid

95 3929 409 4012 retareut‘jubereutue
425 3948 564 4005 canones,
581 3948 665 3993 nemo
682 3948 741 3990 non
755 3927 877 3989 baberet
892 3924 982 4006 probe
997 3932 1194 4004 perspectum.
1218 3920 1308 3984 Edita

94 4004 149 4087 jeu
165 4025 232 4078 ante
255 4016 351 4079 inerat
374 4017 463 4099 bujos
481 4015 600 4096 poneris
620 4022 764 4081 Grannum
783 4017 925 4090 domnio,
950 4032 1037 4094 quam
1056 4008 1307 4075 interuenit

97 4092 122 4158 io
145 4121 215 4167 suos
240 4104 298 4167 sibi
315 4126 389 4169 usus
411 4107 550 4168 servabat
566 4104 776 4187 Hispaniensis
800 4101 937 4167 eeclesia.
983 4100 1050 4163 Huc
1075 4099 1190 4162 iaciunt
1213 4115 1307 4159 cano·

99 4202 147 4248 ¹¹0⁸
164 4191 212 4256 17.
236 4192 340 4276 synodi
364 4193 560 4256 Bracarensis
578 4193 602 4256 l.
646 4191 761 4257 Roleeti
788 4198 856 4255 sunt
879 4212 916 4256 ex
942 4188 1043 4255 codice
1062 4207 1160 4250 eoram
1179 4182 1307 4248 concilio
1351 4224 1354 4229 ,

100 4277 152 4336 tarn
170 4280 350 4359 generalium
370 4283 549 4363 synodorum
567 4300 714 4359 canones,
739 4302 827 4363 quam
844 4279 1001 4355 localium,
1024 4273 1088 4339 etl
1112 4293 1195 4337 conc.
1211 4269 1307 4337 Tolo-

101 4363 153 4423 laui
170 4367 216 4434 lv.
240 4379 273 4431 ut
288 4370 433 4433 diaeonus
448 4368 518 4431 alba
535 4369 655 4432 indutus
674 4370 803 4432 codicem
820 4388 965 4431 canonum
981 4367 1012 4428 in
1031 4361 1125 4426 rnedio
1143 4363 1307 4443 prolerens,

101 4450 222 4531 capitula
243 4460 279 4528 de
303 4457 438 4522 conciliis
455 4456 581 4537 agendis
602 4449 789 4538 pronuntiet„
824 4454 931 4520 Verum
955 4452 1074 4534 antiquo
1093 4448 1155 4530 illi,
1180 4451 1307 4533 quitum
