3067 5075
330 274 368 335 de
384 270 492 335 veterio
510 270 585 383 reela
601 271 685 337 eirca
697 272 883 354 poeniteam
901 270 1012 354 rigore.
1184 344 1187 351 „
1213 273 1280 341 257

58 441 141 507 etiam
170 445 354 511 sesanam
384 446 597 513 deiendendam
622 448 652 512 in
680 465 715 511 se
742 445 875 530 uscepit
897 446 1046 513 Hernicos
1069 445 1209 513 Valeriae
1231 447 1279 535 (in

59 538 113 594 net.
135 533 173 592 ad
203 532 343 598 Socratis
365 535 435 599 bist.
455 533 530 599 eecl.
554 535 584 615 b,
612 540 683 615 itt).
721 536 829 601 Verum
852 555 940 618 quam
965 556 1109 617 operosus
1132 535 1220 600 etiam
1238 536 1279 601 eit

59 619 135 681 labor
159 638 287 700 eornm,
313 643 398 703 quem
425 627 594 705 probandae
621 644 694 688 snae
717 622 848 706 opinioni
872 623 1058 706 impendant,
1084 623 1158 686 nihil
1174 626 1278 688 eodem

59 706 204 769 lucrantur
229 708 289 772 riri
314 711 391 772 docti
417 714 561 776 adversus
581 713 702 795 antiqua
718 713 868 791 doctorum
888 713 1071 790 testimonio,
1095 733 1171 794 quae
1190 715 1276 775 modo

58 796 186 875 produxi.
235 797 303 861 Res
324 797 420 862 adbne
440 797 547 863 clarior
571 810 616 864 est
639 802 676 864 de
695 796 752 862 illa
781 799 811 861 iu
831 799 952 864 Oriente
979 798 1117 865 eeclesia.
1153 799 1278 864 Testem

58 884 192 946 babemus
210 884 388 963 Socratem,
414 887 463 970 qui
482 886 553 952 bist.
569 888 644 954 eccl.
662 884 694 965 5,
714 890 763 952 19.
780 897 846 969 post
861 886 1023 951 Decianum
1041 888 1275 969 persecutionem

58 983 195 1052 natasque
218 973 253 1034 iu
271 972 404 1037 ecclesia
425 976 654 1040 Novatiauorurn
674 977 776 1038 turbas
798 976 989 1039 constitutum
1007 976 1102 1039 luisse
1127 975 1169 1039 eit
1187 996 1276 1058 pres·
1403 1050 1406 1059 ,

57 1060 179 1139 byturum
198 1062 470 1142 poenitentiarium,
487 1062 566 1129 bunc
583 1064 700 1146 quidem
718 1062 749 1124 iu
765 1061 870 1126 linem:
895 1054 979 1134 ὅπως
999 1063 1031 1124 οἱ
1051 1050 1128 1141 μετὰ
1150 1051 1186 1123 τό
1210 1053 1276 1146 βά-

58 1167 167 1222 πτισμα
182 1147 377 1221 πταίσαντες
393 1148 446 1211 ἐπὶ
463 1150 521 1214 τοῦ
538 1145 781 1234 προβληθέντος
793 1147 911 1212 τουτου
926 1149 1146 1234 πρεσβυτέρου
1164 1149 1274 1228 ἕξομαι·

58 1226 201 1314 λογαντατ
218 1226 262 1296 τὰ
278 1226 496 1317 ἁμαρτήματα.
543 1240 672 1303 Causam
695 1237 777 1299 addit
796 1237 979 1300 Sonomenus
1002 1239 1068 1300 bist
1084 1237 1159 1302 eccl.
1174 1239 1205 1311 7,
1225 1240 1275 1303 16.

60 1310 199 1401 φορτικὸν
217 1319 255 1394 ἐξ
270 1316 368 1406 ἀρχῆς
386 1318 507 1405 ἔδοξεν,
531 1321 572 1398 ὡς
590 1324 623 1387 ἐν
639 1314 768 1406 θεάτρῳ
785 1314 847 1387 ὑπὸ
863 1316 998 1407 μάρτυρι
1014 1313 1275 1406 candelabricae

59 1403 215 1487 ἐκκλησίας
239 1401 300 1481 τὰς
321 1406 473 1493 ἁμαρτίας
496 1407 697 1496 ἐξαγγέλλειν.
735 1416 793 1475 Ant
812 1410 905 1493 igitur
922 1412 1069 1493 publicam
1086 1421 1274 1493 peccatorum

63 1495 275 1560 roulessionem
301 1499 446 1562 eeclesiae
468 1503 605 1566 moribus
623 1500 782 1582 aliqnando
805 1510 952 1581 recepturo
968 1500 1078 1578 luisse,
1101 1499 1274 1565 fatebuntur

61 1581 106 1643 riri
117 1584 206 1661 docti,
217 1597 275 1648 aut
294 1599 412 1669 propter
427 1589 511 1669 illud,
532 1590 610 1672 quod
627 1576 777 1671 φορτικὸν
793 1584 827 1660 ἐξ
842 1580 938 1669 ἀρχῆς
955 1580 1053 1666 idolo,
1070 1591 1276 1671 presbyterum

60 1666 133 1731 illum
156 1673 421 1753 poenitentiarium
447 1678 635 1742 coustitutum
653 1675 748 1739 luisse
768 1675 935 1756 negabunt,
960 1677 1037 1758 quod
1063 1678 1171 1739 diserte
1187 1675 1272 1739 aldr-

62 1758 326 1826 metSnromerrus.
361 1800 397 1814 -
436 1767 465 1850 §.
484 1769 514 1831 b.
544 1766 618 1828 Rern
636 1762 761 1826 ulterius
781 1762 1109 1844 confirmatorigenee,
1131 1783 1196 1826 eum
1213 1785 1272 1847 pu·

60 1841 127 1908 blica
148 1851 342 1927 accusanda,
368 1851 532 1917 confitenda
548 1863 577 1916 et
602 1853 776 1932 exponenda
798 1871 867 1915 esse
889 1850 930 1913 ait
947 1862 1070 1932 peccate
1084 1854 1179 1916 bonai.
1195 1853 1226 1916 2.
1241 1859 1274 1915 ire

63 1936 157 1998 Proba
174 1943 346 2002 xxxva.
389 1939 468 2017 Quid
487 1943 524 2004 ad
540 1942 612 2003 baec
628 1938 788 2002 Petariusl
812 1939 858 2001 De
873 1940 993 2001 arcanis
1009 1935 1195 2021 occultisque
1211 1941 1271 2002 cri-

62 2019 175 2084 minibus
193 2025 325 2106 Origoui
341 2046 505 2092 sermonem
525 2047 594 2091 esse
619 2029 703 2090 docet
720 2026 765 2087 vir
788 2028 902 2089 doctus.
949 2025 1175 2089 eonsentientes
1191 2039 1270 2091 certe

63 2104 165 2172 babebit
179 2115 365 2177 eruditorum
381 2116 588 2197 paucissimos.
632 2115 671 2176 dt
683 2134 839 2195 ponamus,
856 2115 892 2176 de
912 2113 1036 2179 occultis
1054 2114 1171 2177 nonnisi
1187 2114 1272 2177 acei-

63 2194 155 2271 pienda
171 2220 238 2263 esse
253 2199 313 2264 illa
332 2203 482 2284 origenis.
513 2204 597 2284 Ergo
615 2200 768 2265 criminum
786 2201 968 2275 occultorum
984 2199 1134 2283 publicam
1151 2201 1219 2265 olim
1238 2202 1274 2269 in

64 2282 176 2349 eeclesia
194 2289 417 2355 confessionem
441 2292 620 2367 obtinuisse,
645 2289 713 2353 inde
731 2288 891 2371 colligitur.
936 2290 1043 2354 Verum
1067 2289 1291 2372 exomologesi

64 2387 113 2432 uon
126 2387 269 2457 perpetuo
285 2377 444 2459 legitimam
460 2390 647 2464 peccatorum
669 2378 897 2441 declarationem
915 2399 950 2441 ae
968 2376 1154 2460 singulorum
1174 2400 1268 2461 expo·

66 2455 198 2542 ationem,
224 2467 283 2528 sed
310 2486 374 2530 earu
400 2469 571 2552 pleramque
594 2465 809 2548 professionem
831 2464 958 2549 intelligi
991 2466 1049 2546 nit,
1079 2487 1155 2551 qnae
1179 2466 1269 2530 lactis

64 2542 124 2625 lutis
138 2570 172 2614 ac
187 2553 402 2634 poenitentium
421 2557 544 2637 officiis,
567 2555 686 2638 publico
713 2575 818 2638 nempe
847 2576 947 2618 eorum
969 2554 1069 2633 luctu,
1093 2555 1197 2620 bamili
1221 2554 1270 2620 sni

65 2629 145 2713 ipsius
167 2642 353 2724 abjectione,
380 2644 606 2721 lamentatione,
633 2643 849 2725 supplicatione
872 2643 997 2726 aliisquo
1023 2643 1129 2707 ciliciis
1155 2646 1268 2723 edatur,

65 2731 137 2802 aquo
149 2725 203 2790 boc
219 2730 321 2813 ipsum
340 2732 436 2798 luisse
455 2732 616 2811 contendit,
636 2743 757 2813 peccata
774 2729 891 2812 publice
912 2730 1054 2795 confiteri.
1088 2731 1155 2793 Non
1178 2753 1267 2813 nego,

64 2802 110 2870 loe
122 2811 267 2881 interdum
283 2839 392 2899 seusu,
410 2832 441 2884 ot
458 2842 559 2884 omues
578 2816 788 2901 complectatur
803 2819 1001 2899 poeniteutiae
1018 2818 1155 2900 publicae
1170 2830 1267 2899 aetus,

65 2889 269 2986 ἐξομολόγησιν
290 2908 419 2990 antiquis
436 2908 537 2972 venire
560 2907 741 2992 aleatoribus.
786 2907 825 2969 At
842 2928 911 2972 aero
929 2909 999 2970 dum
1020 2910 1111 2969 verbu
1126 2907 1267 2988 Origenis

65 2984 126 3044 adeo
141 2986 194 3053 late
211 3003 316 3074 patere
335 2998 421 3060 docet
432 2995 581 3071 Petamus,
599 3006 706 3057 temere
723 2996 847 3057 eundem
862 2991 916 3056 illa
931 2994 1075 3058 invertere
1095 3007 1124 3057 et
1140 2997 1176 3056 nd
1193 3016 1266 3058 sen·

67 3072 277 3161 budamqnam
293 3084 383 3148 semel
401 3084 550 3167 propriam
568 3081 625 3144 sibi
642 3081 722 3159 lecit,
738 3080 840 3163 inique
857 3083 1040 3163 deminuere,
1058 3101 1159 3145 omnes
1176 3081 1265 3165 aequi

66 3155 100 3217 rei
122 3165 324 3234 aesbmatnres
348 3172 437 3235 facile
464 3169 655 3255 perspiciunt.
693 3166 843 3252 Reliqua,
869 3168 976 3252 quibus
1001 3189 1075 3232 suae
1092 3170 1265 3235 sententiae

67 3248 228 3319 turanum
255 3258 417 3325 conciliare
441 3268 582 3336 conatur,
607 3255 742 3322 consulto
767 3268 931 3337 praetereo.
976 3259 1051 3322 Rem
1076 3278 1190 3338 omnem
1208 3261 1265 3322 ob·

67 3346 150 3432 tttrtt
164 3346 365 3411 confessionis
383 3347 514 3430 privatae
529 3345 639 3410 studio.
661 3346 825 3428 Aequiores
841 3345 962 3427 proinde
977 3344 1129 3428 Rigaltius
1146 3358 1175 3410 et
1192 3347 1266 3410 Mo·
1327 3393 1339 3410 χ

66 3436 136 3484 ”tue
156 3440 184 3490 et
199 3434 429 3517 albaspinaeus,
447 3436 497 3518 qui
520 3434 566 3513 (iu
586 3437 718 3498 absono.
739 3437 774 3496 do
787 3445 870 3497 arur.
893 3438 1021 3498 ταλασίαν
1037 3438 1137 3498 νλλλλυτ
1152 3434 1183 3509 2,
1199 3436 1265 3514 26.)

67 3504 131 3573 lude
146 3536 272 3586 errorem
291 3533 371 3587 notat
394 3535 422 3587 et
440 3534 560 3588 strenue
581 3522 744 3603 impugnat.
782 3523 862 3584 Idem
878 3521 942 3585 iere
959 3521 1063 3603 repetit
1081 3523 1127 3599 (in
1145 3534 1202 3587 aot.
1226 3527 1266 3585 ud

67 3590 267 3673 Tertullianum
290 3614 324 3673 de
347 3618 449 3693 poenit
467 3612 514 3690 9.)
539 3609 589 3671 ubi
615 3609 700 3672 etiarn
724 3611 761 3671 de
785 3609 1003 3690 exomologesi:
1037 3616 1112 3671 Dum
1136 3612 1269 3689 ptortbno
1309 3676 1313 3683 ,

68 3679 189 3768 danim,
213 3700 281 3779 quid
294 3705 332 3761 att
346 3703 545 3778 mememorato
559 3698 738 3778 mereturque
753 3699 915 3776 probemur,
936 3702 1008 3759 sotir
1023 3707 1082 3760 tum
1098 3703 1150 3760 erit
1164 3699 1264 3779 dimin,

68 3786 106 3843 tlt
118 3794 174 3846 tent
187 3788 387 3863 contemtorem
401 3790 587 3850 αανλοαλοτυνυ
602 3805 659 3846 aaa
675 3786 801 3863 λολσλλλρλ.
826 3820 871 3829 -
899 3785 928 3869 ξ.
946 3786 977 3847 6.
996 3785 1104 3849 Verum
1120 3796 1188 3864 post
1204 3784 1263 3848 im-

69 3861 164 3956 bauet'n
177 3869 256 3935 illam
272 3874 358 3937 Decii
376 3874 406 3936 in
423 3872 607 3937 Christianos
623 3871 804 3955 tyrannidem
822 3879 968 3954 iratosque
987 3872 1095 3954 quibus
1118 3892 1265 3938 concussa

68 3936 113 4006 lurt
126 3959 181 4018 teta
195 3957 258 4024 iere
275 3961 640 4026 eeclesiablovatianornm
657 3971 764 4039 motus,
780 3962 953 4023 decurrente
966 3961 1028 4043 jam
1042 3960 1121 4024 alba
1135 3960 1264 4026 medium
1344 4037 1347 4040 ,

71 4042 121 4096 ten.
133 4038 191 4117 tlt,
205 4046 234 4110 in
252 4057 394 4130 parntem
410 4049 516 4113 mamni
527 4048 623 4130 coepit
638 4047 669 4109 in
683 4047 815 4127 Oriente,
830 4070 907 4130 quae
922 4059 1010 4112 autea
1023 4048 1143 4130 publiea
1159 4051 1264 4127 luerat,

70 4132 234 4197 ettenorum
253 4138 413 4203 consessio.
449 4138 535 4217 Quae
551 4136 632 4215 dixi,
654 4137 773 4215 abunde
790 4135 942 4200 confirmat
958 4156 1014 4200 sna
1030 4136 1186 4201 autoritate
1203 4136 1263 4199 So·

73 4217 166 4293 mitt,
183 4217 232 4301 qui
248 4226 330 4305 (bist.
349 4226 422 4290 eccl.
437 4222 471 4302 5,
489 4225 553 4304 ta.)
577 4224 609 4286 iu
627 4222 764 4287 eeclesiis
787 4224 917 4306 singulis
938 4227 1138 4307 presbyterum
1158 4223 1262 4306 poeni-

71 4295 215 4371 lltllurinm
231 4316 421 4378 coustitutum
436 4312 531 4375 luisse
547 4310 660 4389 scribit,
678 4310 772 4376 virum
789 4333 893 4393 nempe
911 4305 1069 4394 ἐγέμυθόν
1080 4335 1120 4379 ,τε
1135 4306 1188 4374 καὶ
1206 4310 1262 4389 ἔμ-

72 4392 170 4481 meru,
191 4403 266 4479 quot
282 4402 363 4466 addit
382 4401 566 4465 Sonemeuns
590 4399 671 4481 (bist.
689 4398 762 4462 eccl.
777 4400 810 4479 7,
830 4403 894 4480 16.)
914 4402 953 4463 ad
972 4421 1057 4482 quem
1076 4402 1262 4483 accedentes,

73 4480 114 4542 iil
132 4490 195 4553 post
214 4488 386 4571 baptismum
411 4488 612 4573 deliquerant,
636 4495 722 4554 actus
745 4508 819 4562 enos
840 4487 1046 4554 confiterentur
1072 4486 1181 4572 quiquo
1207 4510 1260 4573 pre

74 4600 78 4605 ·
112 4569 279 4641 fle-maffia,
291 4571 436 4642 emnam
538 4617 542 4624 ·
820 4651 824 4654 ,
1017 4594 1060 4658 17
