3067 5075
204 259 249 353 to'
572 259 723 355 'xxxta
765 287 791 353 n.
809 286 847 353 c.
863 260 1014 370 zaram
1062 259 1067 264 ’

206 469 297 544 stem,
322 460 418 527 solum
435 463 608 532 concinnam
623 461 680 526 bac
696 463 732 528 de
748 484 781 527 ra
795 461 964 543 historiam,
988 482 1063 548 quae
1078 462 1135 525 boo
1152 459 1255 525 secolo
1271 459 1427 526 accidisse

208 553 330 628 dicitur,
355 551 545 629 referentem,
570 552 701 615 audiisse
717 550 853 632 libuerit,
876 551 1073 616 testimonium
1088 547 1301 633 Nicepbori*),
1328 548 1426 613 enisi

207 639 364 723 aliqualem
382 639 465 702 fidem
482 641 610 705 tribuere
630 639 721 718 nelis,
746 639 889 722 colligere
906 662 944 704 ex
961 661 995 704 eo
1017 638 1135 716 licebit,
1160 639 1341 721 temporibus
1358 634 1426 699 illis

207 748 313 810 aquarn
332 727 518 806 necessario,
541 750 596 791 ceu
613 727 764 791 materiale
783 729 933 811 baptismi,
957 728 1151 791 adhibendam
1169 746 1254 804 esse,
1279 725 1427 788 creditum

206 813 319 893 inisse3
335 815 484 878 bistoriam
501 827 572 898 pota
584 814 784 879 adolescentis
801 817 931 895 lrebraei,
947 817 976 878 ia
990 816 1146 880 solitudine
1161 814 1308 897 baptizati,
1325 813 1428 876 effusa

208 912 253 967 ter
275 924 365 984 super
389 918 476 985 caput
495 904 559 967 eius
582 924 689 984 arena,
717 926 803 988 quern
828 926 897 968 rero
913 904 1076 989 Dionysius
1100 902 1190 985 episc.
1211 902 1428 964 Ascaloneusis

208 1011 300 1055 causa
317 991 437 1073 cognita
453 993 549 1052 denuo
566 991 707 1074 baptizari
724 992 820 1056 iussit.
843 1029 886 1038 -
918 993 946 1075 ᾗ.
962 991 993 1055 3.
1023 992 1144 1054 Praeter
1160 990 1311 1053 materiam
1328 989 1429 1051 lorma

207 1079 345 1161 baptismi
364 1080 555 1160 expendenda
571 1092 625 1142 est.
662 1080 749 1143 Ritus
767 1082 900 1162 quidam,
924 1081 974 1162 qui
989 1081 1025 1143 ad
1043 1080 1164 1141 formam
1180 1077 1319 1161 baptismi
1334 1098 1430 1160 spec·

209 1172 281 1243 tant,
307 1187 342 1227 eo
360 1166 427 1227 loco
442 1165 532 1228 babiti
548 1166 682 1245 fuerunt,
707 1178 739 1229 ut
753 1167 785 1229 in
800 1167 931 1249 legitimo
947 1188 1047 1230 eornm
1063 1187 1122 1229 usu
1138 1166 1215 1229 sacri
1231 1166 1322 1228 buius
1339 1180 1428 1227 actus

210 1252 338 1317 obeundi
363 1264 520 1335 poneretur
543 1255 691 1332 esseutia3
716 1254 892 1326 intermissis
916 1253 1112 1331 autemillis,
1138 1253 1263 1335 legitimi
1286 1252 1429 1334 baptismi

209 1361 316 1403 nomeu
333 1342 408 1403 tueri
424 1362 482 1404 non
500 1336 588 1424 posse
606 1342 691 1405 talem
707 1351 816 1421 actam,
832 1344 939 1427 quippe
956 1343 1002 1406 cui
1019 1341 1188 1405 essentialia
1204 1343 1352 1418 deessent,
1370 1363 1429 1421 op·

210 1428 277 1491 timo
302 1429 367 1493 iuro
390 1449 566 1512 persuasum
590 1431 757 1494 baberetur.
802 1431 871 1493 Hac
895 1433 1077 1494 referendam
1102 1430 1237 1492 ducimus
1260 1430 1371 1492 factam
1397 1428 1428 1488 in

209 1538 315 1600 aquam
332 1518 533 1599 baptismalem
552 1519 785 1593 immersionem,
808 1517 913 1581 saltem
937 1518 1018 1581 illius
1033 1518 1272 1600 adspersionem,
1297 1516 1428 1580 cerimo-

209 1606 293 1683 nias,
318 1606 451 1669 inactus
474 1604 720 1687 buins‘religicsi
743 1604 938 1669 celebratione
961 1626 1111 1690 nunquam
1128 1626 1187 1668 non
1209 1604 1267 1668 boo
1289 1601 1375 1667 titulo
1401 1613 1429 1666 et
1533 1676 1534 1691 ἶ

210 1693 327 1755 nomine
343 1692 514 1776 requisitas.
545 1692 657 1757 Prioris
674 1692 825 1775 egregiam
843 1695 1016 1757 mentionem
1031 1693 1103 1756 facit
1118 1691 1336 1755 Tertullianus.
1366 1690 1428 1756 lm·

210 1779 366 1843 mersionis
391 1781 507 1862 quidem
530 1780 694 1863 generatim
716 1780 847 1843 meminit
869 1780 900 1843 iu
927 1780 1125 1844 controversia
1147 1802 1213 1843 euru
1230 1778 1428 1857 Marcionitis,
1533 1836 1534 1861 ζ

210 1866 263 1929 nbi
279 1867 494 1932 immersionem
512 1890 549 1933 ex
568 1868 779 1932 consuetudine
794 1868 1018 1948 haeretieorum,
1042 1868 1098 1931 bac
1114 1869 1145 1929 in
1163 1889 1195 1931 re
1214 1889 1280 1930 cum
1298 1865 1428 1931 eeclesia
1533 1864 1534 1869 ’

211 1954 373 2019 orthodoxa
389 1956 579 2035 conformem,
593 1958 684 2020 refert
692 1958 754 2039 ’Ἲς
770 1957 961 2019 demersionis
978 1978 1047 2020 uero
1058 1963 1102 2018 ter
1116 1955 1213 2019 factae
1226 1956 1427 2019 testimoninm

211 2046 260 2105 dat
276 2043 365 2123 alibi,
389 2043 561 2109 camillam
586 2045 617 2108 iu
641 2044 846 2109 sanctissimae
863 2044 1021 2107 Trinitatis
1045 2042 1162 2106 nomine
1186 2043 1251 2106 beri
1274 2041 1426 2122 dicitffl).

210 2131 328 2195 Interim
348 2154 408 2195 non
425 2144 482 2196 tarn
499 2154 600 2215 presse
617 2133 826 2196 inhaerebatur
840 2131 1038 2195 immersionis
1055 2131 1138 2210 ritui,
1160 2140 1194 2193 ut
1212 2129 1301 2214 plane
1318 2130 1426 2193 reiice-

210 2231 291 2281 retur
308 2220 472 2301 adspersio.
512 2221 545 2282 lu
564 2220 681 2282 casibus
699 2221 776 2282 eninr
794 2220 1034 2283 extraordinariis
1051 2217 1203 2300 adspersio
1222 2218 1321 2302 utique
1338 2216 1426 2279 adbi-

210 2306 272 2368 bita
289 2316 316 2368 et
332 2309 493 2387 approbata
510 2316 564 2385 est,
582 2308 657 2389 qaod
674 2304 748 2367 forto
766 2327 804 2368 ex
820 2309 922 2369 eodem
932 2306 1118 2369 Tertulliano
1133 2305 1260 2386 intelligi
1276 2305 1425 2387 potest†).

211 2393 410 2456 lmmersionis
429 2404 544 2472 autam,
569 2403 613 2455 ter
635 2393 793 2474 repetitae,
817 2392 961 2471 originem
979 2393 1005 2454 ai
1029 2394 1223 2474 indagamus,
1245 2393 1323 2455 idern
1340 2391 1426 2455 nobis

212 2487 297 2544 autor
314 2490 367 2558 est,
385 2500 448 2543 eam
465 2500 537 2542 aero
553 2479 647 2563 ipsius
662 2480 700 2542 iis
717 2482 989 2560 consuetudinibus,
1006 2501 1081 2564 quas
1098 2502 1135 2545 ex
1152 2480 1307 2544 traditione
1323 2501 1357 2543 sc
1371 2499 1425 2542 ao-

213 2569 329 2651 cepisse
347 2569 527 2631 existimaret
550 2567 693 2646 ecelesia,
716 2567 812 2631 foisse
836 2571 1054 2632 adnumeratam
1064 2573 1138 2649 ††),
1160 2589 1196 2632 aa
1219 2568 1351 2652 quamuis
1368 2571 1424 2630 sub

213 2656 367 2737 magnifico
385 2656 574 2737 obligationis
591 2655 706 2718 diuinae
730 2655 814 2719 titulo
836 2679 900 2720 eam
916 2658 1073 2720 universae
1101 2656 1247 2720 ecclesiae
1270 2658 1426 2719 obtrudere

213 2753 335 2807 conetur
350 2767 488 2807 ocooaam
503 2747 717 2824 oportottoorom
732 2745 944 2826 auctor†††),
969 2744 1034 2807 eins
1059 2754 1154 2807 tamen
1172 2744 1336 2808 sententiae
1351 2747 1426 2806 sub-

212 2832 342 2894 scribere
359 2831 460 2896 ruerito
484 2832 661 2896 dubitamus.
699 2831 879 2897 Essentialis
896 2833 1072 2896 sacramenti
1094 2833 1182 2894 buius
1199 2831 1293 2895 forma
1309 2832 1426 2893 omnino

212 2920 248 2981 in'
259 2919 388 3001 legitimo
407 2919 550 2984 formulae
567 2917 750 3002 baptismalia
766 2940 826 2984 usu
843 2921 1003 2984 collocatur
1027 2921 1140 3003 bosque
1158 2920 1364 2982 Tertullianus
1380 2919 1427 2981 di-

213 3018 291 3071 serto
307 3008 507 3088 testatur†*),
530 3009 638 3092 quippe
654 3009 703 3091 qui
720 3030 782 3072 rem
800 3013 836 3072 ad
858 3009 1084 3085 iustitutionem,
1107 3010 1145 3071 ab
1162 3009 1285 3090 ipsomet
1299 3007 1441 3070 Domino-

211 3098 282 3161 lesu
298 3096 416 3161 Cbristo
439 3097 546 3160 laetam
571 3107 600 3159 et
616 3096 760 3160 conditam
785 3097 874 3160 refert
883 3094 963 3181 †**).
1002 3097 1040 3160 Ut
1058 3096 1164 3159 mentio
1182 3115 1325 3178 expressa
1340 3095 1428 3158 trium

209 3240 439 3255 m

229 3402 244 3454 h
280 3331 452 3455 'JacrgaYibcot
476 3340 504 3405 ot
527 3333 575 3385 boc
603 3335 705 3389 centor.
726 3333 911 3402 Magdebarg.
932 3336 979 3401 11,
1005 3337 1030 3389 6.
1060 3353 1085 3405 p.
1108 3337 1168 3391 199.
1200 3351 1232 3388 es
1256 3335 1326 3388 dieto
1350 3334 1430 3389 Nice·

248 3418 286 3455 ar.
391 3441 397 3454 .

211 3414 227 3473 p
282 3440 332 3537 Η),
350 3480 441 3522 eontra
460 3472 592 3524 Marcion.
610 3470 635 3536 1,
654 3470 698 3526 28.
718 3487 744 3540 p.
764 3470 832 3525 753.Α
845 3473 889 3525 obt
910 3473 942 3526 dc
963 3491 994 3526 ea
1014 3474 1093 3527 dicit:
1114 3474 1187 3523 lavat
1205 3473 1345 3538 bominem,
1363 3486 1431 3527 m·

211 3558 289 3613 quam
316 3542 390 3609 apud
415 3559 444 3592 se
467 3542 507 3591 roi
541 3540 666 3590 sinotum.
694 3542 724 3592 it.
751 3559 809 3607 cap.
827 3543 871 3598 99.
899 3560 925 3611 p.
952 3542 1020 3597 754:
1044 3560 1094 3593 noar
1118 3543 1234 3607 tingitur·
1257 3543 1333 3609 apud
1355 3538 1431 3593 attan

212 3628 290 3670 earo,
316 3613 370 3662 aiei
391 3613 476 3677 virgo.
536 3610 686 3661 emersionis
711 3617 805 3662 testem
825 3612 948 3665 babemus
972 3614 1103 3667 scandat.
1128 3611 1263 3676 apostolic.
1284 3617 1428 3678 auctorem,

212 3681 255 3748 qui
274 3682 300 3746 3,
321 3681 364 3734 17.
386 3685 444 3746 (ap.
460 3679 669 3731 Catalerium
688 3689 746 3735 tom.
768 3680 793 3732 l.
811 3691 885 3748 patr.
902 3683 1035 3747 apostolic.
1055 3698 1081 3749 p.
1096 3679 1176 3748 991.)
1195 3680 1263 3732 huuc
1281 3681 1307 3731 in
1326 3680 1430 3733 modun

210 3750 344 3817 loquiturr
364 3747 422 3801 lael
443 3751 537 3800 τοίνυν
556 3743 586 3798 τὸ
604 3746 658 3818 μὲν
674 3742 820 3819 βάπτισμα
837 3751 875 3809 εἰς
889 3746 938 3802 τὸν
955 3744 1082 3802 θάνατον
1098 3749 1148 3802 τοῦ
1164 3749 1248 3814 Iocari
1266 3743 1430 3819 διδόμενον

211 3815 241 3871 τὸ
261 3816 294 3871 δὲ
315 3813 391 3885 ὕδωρ
410 3813 472 3868 ἀντὶ
490 3815 587 3885 ταφῆς.

281 3886 344 3955 aaa)
366 3895 457 3938 eontra
475 3892 605 3937 Praxean
623 3904 681 3952 cop.
700 3887 744 3942 91.
764 3880 790 3954 ρ’.
810 3887 887 3944 1999.
907 3886 994 3941 Verba
1013 3889 1069 3940 eius
1087 3887 1153 3940 baec
1173 3894 1252 3940 suut.-
1270 3904 1323 3938 aroar
1342 3889 1429 3954 renel,

209 3957 259 4008 sed
273 3965 323 4019 ter,
343 3956 382 4006 od
398 3956 506 4021 singulo
523 3957 626 4006 aomina
645 3958 674 4005 ior
688 3973 816 4020 personas
835 3958 958 4021 singalas
974 3959 1112 4020 tingimur.
1188 4023 1190 4025 Ι

279 4025 314 4092 ᾖ)
334 4026 365 4077 tle
380 4024 555 4090 poenitendi.
566 4042 591 4093 p.
605 4023 664 4076 199.
679 4024 760 4085 dicit:
780 4026 838 4091 quir
856 4027 921 4075 enim
938 4027 1056 4076 tabitam
1071 4025 1168 4090 inlidere
1181 4028 1360 4094 poenitencia
1374 4027 1429 4081 νῦν

210 4094 396 4165 adsperginenr
414 4111 492 4144 urtam
511 4093 648 4144 mimator
666 4100 761 4161 atquae
780 4095 967 4145 commodabit?

278 4166 335 4234 ††)
354 4165 386 4217 de
406 4180 491 4286 cargano.
506 4163 582 4216 malit.
598 4161 675 4213 3-4.
695 4177 721 4227 p.
739 4160 788 4213 311
809 4176 845 4213 ss.

372 4250 431 4286 carr.
484 4269 492 4284 .

277 4234 382 4370 lma
401 4302 521 4368 baptirm.
539 4300 581 4353 13.
602 4314 627 4367 p.
645 4297 706 4350 463.
724 4298 779 4355 aits
801 4302 844 4351 lex
860 4301 983 4368 tingendi
997 4304 1117 4370 impom‘ta
1136 4311 1183 4369 eat,
1201 4311 1227 4353 et
1244 4302 1331 4370 forsan
1347 4319 1429 4371 praa.

209 4372 328 4436 scripta.-
352 4374 404 4438 ite,
426 4370 526 4439 a'rrparit,
547 4369 634 4418 docete
650 4369 784 4439 normam,
810 4372 941 4438 tingereter
958 4390 1004 4425 eur
1019 4373 1048 4424 r‘rr
1066 4389 1156 4424 nomeu
1175 4373 1263 4425 Patria
1274 4379 1304 4424 ‘et
1321 4370 1388 4424 Fris‘a‘
1403 4383 1429 4424 et

209 4440 327 4506 spiratur
346 4440 447 4493 Sancti.
549 4464 553 4467 ·
1322 4453 1325 4457 ’

277 4504 341 4577 †**)
360 4509 386 4562 id
399 4509 465 4577 quod
485 4504 620 4564 ovldaatar
633 4507 714 4563 verba
724 4509 799 4564 mado
817 4511 902 4565 citata
918 4517 1057 4581 testantur,
1078 4511 1196 4580 idemque
1207 4516 1288 4571 erate,
1297 4517 1428 4564 Praxean
