3067 5075
580 268 617 337 is
633 269 857 336 'l'ruiitoribna
1261 267 1325 333 bib

105 448 264 511 Dinaeae
284 451 390 523 modat
406 449 516 510 tainu
532 470 583 514 aas
599 452 696 530 atiquo
711 453 811 511 araris
828 467 882 526 pro
896 447 1073 525 miipianibur
1087 450 1253 529 Minerua,
1271 450 1327 510 bas

103 544 199 617 patius
218 540 344 613 litteras,
368 540 420 598 bos
436 557 551 600 eernere
567 540 698 599 dammis
716 539 782 598 atim
801 537 902 607 libros,
924 541 994 595 istos
1011 536 1153 616 demoliri,
1175 539 1326 598 dissoinare

105 628 218 686 titsotro
232 628 301 686 boec
315 632 417 704 pmins,
433 631 463 685 in
477 629 576 705 quibus
591 628 728 701 infamiae
742 630 887 684 oraminum
901 624 1079 702 propudiosis
1094 627 1215 705 quotidie
1228 626 1323 704 pubii-

104 724 207 773 cantrn·
223 719 253 773 in
270 715 387 788 februtis.
421 717 499 773 Nam
515 725 615 775 nostro
629 716 736 793 quidem
755 718 860 790 scripto
877 708 1048 789 scribonibus
1065 723 1220 776 meruerunt
1236 711 1323 773 darii

105 822 156 862 our
170 807 333 862 immaniter
348 804 535 862 consentiente
550 803 625 862 dirui
640 808 670 861 in
687 802 785 881 quibas
800 819 924 859 summare
936 809 1034 860 oratur
1045 806 1132 877 Deus,
1147 821 1207 880 pao
1219 804 1325 861 cunctis

104 899 129 948 st
143 895 227 951 uenia
243 890 404 967 postulatur
421 886 636 966 annumerans,
654 889 826 958 exercitibus,
841 888 958 965 rupibus,
977 889 1176 962 familiaribus,
1193 893 1324 960 inimicis,

104 978 198 1036 adbuc
222 983 308 1037 uitem
331 977 504 1054 departibor,
525 986 551 1037 et
574 979 702 1037 resolutis
724 995 870 1054 corporum
892 980 1026 1036 cinctione
1033 999 1043 1051 3
1071 983 1100 1036 in
1121 977 1220 1056 qnibtrs
1243 977 1322 1036 atiud

103 1066 224 1125 auditur
238 1066 318 1139 nituit,
335 1069 390 1124 nisi
405 1064 477 1144 quod
492 1066 629 1125 humanos
640 1066 739 1141 faciat,
755 1069 812 1123 nisi
824 1063 895 1142 rpuod
906 1067 994 1138 mites,
1010 1065 1183 1142 normandos,
1199 1065 1323 1142 pudicos,
1373 1062 1378 1067 “

103 1162 210 1225 matos,
227 1152 384 1226 familiaris
399 1158 644 1213 communicatores
659 1158 698 1212 rei
714 1161 739 1210 et
756 1171 817 1210 cum
834 1152 969 1223 omnibns,
986 1172 1055 1231 qnos
1069 1153 1167 1212 soiidet
1181 1157 1322 1229 permani-

103 1246 173 1300 tntir
190 1241 388 1299 mmeritudinr
403 1242 552 1318 emulatio.
584 1245 685 1301 Verum
701 1245 741 1298 ito
757 1239 950 1312 sororiabat,
967 1249 1007 1314 ut,
1026 1245 1157 1318 qnoniam
1172 1240 1323 1317 plurimum

101 1327 210 1405 pindiis
226 1336 252 1386 st
267 1336 400 1405 paurtate
415 1329 514 1387 notetis
530 1329 609 1402 ferri,
629 1332 734 1387 anniae
751 1325 801 1387 coi
819 1330 902 1384 etiam
917 1332 1041 1386 ueritatis
1056 1331 1172 1387 scientio
1183 1328 1323 1403 janam,

102 1426 130 1476 et
140 1435 203 1475 esse
211 1435 264 1494 pro
276 1420 340 1475 Diis
353 1420 424 1493 pios,
438 1434 554 1495 arrarum
566 1418 704 1503 potentius
715 1418 801 1492 priori
813 1418 973 1492 opiaionmn
986 1417 1166 1475 obscoenitate
1177 1416 1322 1489 foedastis.
1419 1446 1422 1455 ·

194 1552 221 1635 ξ.
238 1549 270 1613 7.
305 1549 367 1617 litt
383 1552 488 1637 initur
504 1573 633 1637 omnes,
658 1549 887 1638 cujuscunque
908 1548 1040 1636 facerint
1055 1551 1202 1635 perceris,
1249 1551 1286 1616 ui
1301 1573 1323 1616 a

99 1637 373 1725 persecutoribus
397 1640 549 1726 requeisiti
573 1646 634 1704 ortt
659 1639 768 1704 eoacti
796 1658 912 1702 saeros
936 1637 973 1702 V.
995 1644 1026 1717 et
1048 1636 1096 1705 N.
1120 1639 1160 1705 T.
1186 1572 1324 1725 codices,

102 1725 159 1795 cet
170 1748 390 1815 quaecuuque
403 1725 487 1805 otiu,
501 1727 716 1792 tradiderunt
727 1723 907 1810 yerrtitibus
921 1723 968 1790 od
976 1725 1095 1810 iponem,
1108 1726 1175 1791 cicc
1185 1726 1326 1791 cronium

103 1815 158 1880 rei
178 1812 385 1880 christianae
402 1835 511 1901 rustum,
540 1813 660 1881 Trad
667 1814 679 1877 i
686 1811 878 1892 torumss)
904 1813 1036 1877 nominoe
1060 1809 1228 1897 u'ufonuoti
1242 1808 1324 1899 fuo-

104 1908 209 1981 runt3
254 1923 430 1989 nuncuparem
445 1922 511 1966 rruu
530 1907 674 1986 coarctet,
694 1919 756 1987 queo
776 1919 866 1964 orrrro
881 1920 999 1964 nomeu
1016 1897 1105 1965 illud
1121 1907 1250 1966 certum
1267 1906 1323 1966 ct-

104 2011 170 2077 que
189 1922 365 2076 deiiuitam
381 1988 542 2074 oripirrenu
558 1983 793 2062 obtirruerit.¹⁵)

195 2110 250 2188 14)
281 2111 355 2173 cnm
377 2112 466 2192 longe
487 2111 755 2193 frequentissimum
776 2108 882 2184 inerit,
907 2109 1079 2189 praesertim
1100 2110 1129 2169 in
1148 2109 1269 2185 Africa,
1291 2123 1324 2172 nt

104 2210 313 2281 persecutores
334 2210 491 2280 poscerent
510 2220 525 2261 e
544 2198 777 2261 Christianorum
799 2197 937 2257 monibus
960 2194 1053 2258 iturae
1071 2196 1136 2276 igni
1156 2200 1324 2276 tradendos,

103 2288 251 2370 plurimos
269 2306 387 2369 quoqne
405 2287 508 2364 inisse,
533 2287 582 2369 qni
599 2287 746 2367 pessimae
760 2283 888 2366 jassioni
906 2305 1013 2345 rnorem
1031 2296 1198 2363 gesserunt,
1218 2285 1326 2348 evincit

104 2376 152 2439 ret
176 2376 272 2436 soiius
290 2375 388 2456 Optati
406 2375 509 2437 Miicr.
527 2374 615 2450 fides,
642 2375 691 2456 qni
712 2375 763 2453 (de
781 2372 900 2433 sobiam.
917 2372 1062 2434 Donatist.
1082 2374 1111 2449 l,
1132 2375 1194 2450 1³.)
1220 2373 1324 2437 reiecto

103 2471 142 2526 ln
157 2467 261 2540 Africa
283 2466 337 2524 duo
360 2466 438 2525 orata
460 2475 485 2524 et
507 2469 630 2544 pessimo
646 2465 771 2523 admissa
788 2481 847 2521 esse
868 2470 994 2535 constat,
1019 2482 1103 2521 unum
1120 2467 1149 2522 in
1164 2463 1324 2540 anditione,

104 2556 225 2615 atterum
240 2560 270 2613 in
287 2554 434 2618 schismate
440 2576 448 2625 3
466 2554 515 2613 red
534 2562 652 2632 utroque
667 2554 744 2612 maio
761 2561 787 2610 et
803 2572 858 2610 tono
873 2560 993 2630 ionopore
1011 2559 1037 2609 ot
1054 2552 1151 2611 iisdem
1168 2552 1325 2612 acrioribus

103 2644 235 2704 ridentur
258 2659 317 2701 sose
332 2647 489 2702 commissa.
518 2675 553 2685 -
582 2674 620 2685 -
646 2645 724 2699 Nom
749 2640 835 2712 ferme
856 2649 923 2697 ante
941 2657 1032 2698 annos
1050 2644 1197 2716 nonaginta
1212 2648 1238 2697 ot
1253 2641 1325 2718 quod
1372 2693 1383 2702 ,

103 2735 230 2790 encrmrit
248 2738 397 2808 pertatem
414 2730 543 2804 Africam
560 2733 757 2807 persecutionis
775 2736 814 2786 est
830 2725 962 2804 dionanto
979 2735 1142 2804 tempastns3
1164 2746 1235 2805 qaue
1251 2729 1325 2788 otios

103 2820 202 2893 secent
218 2826 362 2894 martures,
379 2819 451 2886 otios
467 2818 646 2891 confessores,
664 2815 813 2875 nunauttas
828 2815 967 2886 funestam
984 2819 1137 2892 prostrauit
1152 2819 1182 2872 in
1201 2823 1325 2893 mortem,

104 2910 224 2966 intentes
249 2905 353 2965 dimisit
376 2906 499 2965 iilaesos.
537 2905 610 2977 erid
633 2921 837 2963 eonrmemoreru
861 2902 964 2975 inicos,
996 2907 1045 2979 aui
1071 2910 1136 2961 tunc
1160 2906 1189 2960 iu
1211 2904 1325 2963 ecelesia
1386 2971 1390 2978 Δ

104 2995 186 3053 nauita
205 2993 320 3067 fuerant
337 2993 469 3070 dignitate
484 2990 615 3068 nutiutti‘t
638 2990 703 3069 quid
722 2994 865 3048 ministros
880 2986 1039 3067 plurimos?
1062 2990 1129 3067 quid
1147 2989 1279 3048 diaconos
1296 2995 1325 3049 in

103 3077 210 3142 tertio?
240 3081 306 3159 quaid
328 3081 547 3159 arrabatensis
572 3079 689 3138 secundo
711 3077 865 3136 sacerdotio
883 3073 1068 3136 constitutori
1100 3079 1161 3153 Ipsi
1184 3080 1276 3153 apices
1301 3087 1326 3137 et

102 3162 246 3248 prinbipss
262 3173 393 3242 omniurn,
417 3170 505 3247 aiiqrri
523 3171 645 3245 epmcopi
658 3167 717 3225 ittis
733 3165 911 3242 temporibus,
933 3171 962 3222 ut
979 3164 1081 3223 domna
1099 3169 1325 3243 deterreantur,

102 3263 189 3317 istius
213 3259 333 3315 inemtas
359 3256 429 3315 tucis
451 3273 546 3315 moras
568 3256 745 3314 brevissimos
768 3260 979 3331 compararent,
1010 3257 1191 3311 instrumento
1216 3254 1327 3313 diuinas

102 3347 175 3421 lepis
198 3347 283 3421 impis
304 3343 486 3403 tradiderunt.
531 3340 568 3401 Hi
588 3340 694 3418 igitur,
722 3360 757 3399 co
782 3342 860 3418 quod
884 3337 1023 3399 scandata
1048 3337 1216 3417 turpissimo
1240 3357 1326 3401 sacra
1439 3399 1443 3404 ,

102 3429 257 3492 volumina
283 3428 407 3509 paganis
440 3429 638 3490 comburenda
664 3429 861 3501 tradercrent,
891 3426 1121 3487 invidiosissimo
1146 3428 1325 3488 Traditomm
1384 3435 1388 3439 ‘

103 3516 226 3579 nomine
255 3516 388 3595 insigniti
422 3527 500 3578 sunt.
552 3514 656 3595 Neque
688 3526 784 3580 minen
816 3514 848 3572 in
879 3514 945 3574 aliis
972 3516 1059 3574 etiarn
1088 3512 1167 3572 orbis
1199 3515 1324 3576 Romani

103 3603 268 3687 provinciis
292 3602 423 3666 defuisse
449 3604 591 3685 ejusmodi
620 3601 754 3662 homines
772 3603 951 3662 censendam
975 3612 1033 3675 est,
1061 3598 1108 3679 qni
1136 3599 1279 3661 minarum
1298 3615 1326 3663 et

104 3702 317 3754 torrnsntornm
352 3689 502 3753 atrocitate
530 3691 613 3752 tracti
641 3692 741 3751 codem
773 3708 840 3749 eene
874 3687 995 3748 erimine
1027 3686 1204 3765 palluerunt.
1251 3688 1324 3750 Corn
1392 3739 1395 3750 .
1479 3705 1489 3731 ²

105 3781 185 3844 enim
202 3780 398 3842 universalem
415 3779 511 3840 inisse
525 3777 699 3840 Diocletiani
716 3774 871 3839 saevitiam
885 3787 964 3836 reete
978 3776 1153 3835 contendant
1169 3774 1222 3835 riri
1239 3776 1326 3852 docti,

105 3879 135 3931 ct
161 3867 313 3949 proposito
342 3887 400 3927 nan
418 3862 539 3928 ”tantum
570 3887 660 3947 snper
691 3883 804 3926 ornnem
831 3863 935 3923 inciam
961 3873 1056 3925 terrae
1081 3861 1217 3924 dicantur
1241 3863 1325 3925 iiiios

106 3956 214 4032 edicta,
238 3957 290 4017 sed
310 3955 395 4017 etiarn
413 3955 503 4016 rnriis
521 3956 551 4015 in
569 3955 654 4015 terrie
676 3973 711 4015 ne
730 3952 853 4013 urbibus
871 3949 978 4026 adbrrn,
997 3949 1117 4011 bobium
1135 3950 1196 4011 iore
1214 3951 1325 4013 notium

107 4053 161 4119 est,
179 4042 249 4123 quin
267 4053 294 4104 et
311 4052 426 4124 praeter
441 4043 569 4104 Africam
589 4043 664 4104 atine
681 4042 821 4121 regiones
838 4039 962 4101 iecerint
978 4049 1065 4119 atque
1081 4036 1237 4099 habuerint
1253 4059 1325 4101 suae

109 4134 284 4193 Traditores.
327 4130 510 4210 Excipienda
535 4141 630 4191 tamen
662 4129 709 4190 hic
735 4129 869 4210 inprimis
895 4138 940 4188 cst
965 4126 1079 4201 (initio,
1110 4135 1209 4206 utpote
1239 4147 1325 4207 quam

106 4219 226 4299 ipsimet
240 4219 412 4281 Donatistae
430 4219 586 4280 immonem
607 4219 644 4278 ab
662 4218 719 4277 hoc
736 4216 868 4278 facinore
884 4215 1134 4296 pronunciarent,
1159 4215 1189 4279 in
1210 4233 1264 4275 ena
1289 4218 1325 4276 ad

108 4305 336 4369 Constantinum
353 4308 423 4387 imp.
445 4306 578 4387 epistoia,
603 4306 640 4366 ob
659 4304 735 4365 banc
754 4305 849 4385 ipsam
866 4304 1055 4366 'Proditorem
1072 4320 1191 4362 causam
1211 4303 1326 4364 exarui·

107 4397 235 4456 nandum
258 4395 386 4476 scripta,
414 4396 491 4474 apud
517 4392 654 4474 Optatam
674 4392 776 4453 Mitem
799 4385 826 4468 l,
845 4394 895 4453 22.
934 4392 1024 4452 immo
1050 4389 1114 4468 ipse
1140 4391 1325 4469 Augustinus

109 4487 240 4561 graviter
265 4481 453 4564 reprehendit
479 4482 666 4558 Donatistae,
696 4482 772 4566 qood
801 4479 967 4544 bominibus
996 4486 1056 4542 toto
1087 4488 1229 4564 terrarum
1255 4479 1326 4542 orbs
