3067 5075
242 188 310 284 sur
612 183 1118 345 iun.'·onnasuaoas·j
1138 160 1157 267 ἶ·
1176 190 1196 221 ’·
1236 193 1249 225 ”

243 395 322 473 otto)
346 393 387 459 ita
411 390 468 460 nit:
500 394 588 476 „llio
613 395 720 463 multas
746 396 878 461 fabricas
902 417 956 480 por
987 388 1164 460 coemeteria
1189 390 1439 480 deri·pra'ecepit“

243 480 490 551 Bibliothecarius
508 486 553 567 (in
569 492 758 549 oitodoorrnir
770 493 829 549 111.
844 489 965 568 pupuo):
983 486 1061 564 „Hic
1076 484 1231 568 ampliavit
1247 494 1274 547 st
1287 487 1441 549 restaurarit

245 573 421 637 coemeteria
450 584 616 636 sanctorum
642 578 833 656 martyrum.“
868 574 901 636 ln
928 573 1101 638 coemeterio
1134 576 1256 636 beatum
1280 574 1440 656 Xystomll.

240 670 350 745 papam
375 681 439 723 uum
459 673 584 743 quatuor
603 662 735 724 diaconis
760 661 890 726 occisum
912 662 1025 739 luisse,
1052 670 1223 725 auctorest
1246 660 1278 722 S.
1297 661 1439 744 Cyprianus

241 752 340 830 (epist.
357 744 387 826 ⁵,
407 751 455 812 tu.
473 752 511 811 nd
527 749 714 833 Srrccossura).
745 750 924 834 ‚,Xpstum‚“
941 750 1046 832 inquit,
1063 750 1113 827 „iu
1132 748 1312 811 coemeterio
1326 750 1441 817 animodi

146 892 153 901 .
244 855 363 899 uersum
379 836 490 915 sciatis,
513 848 615 901 octavo
632 839 733 901 iduum
750 842 950 920 Augustarum
967 839 1023 912 die,
1039 850 1067 900 et
1083 858 1149 900 cum
1167 839 1273 899 eodem
1290 838 1440 916 Quartus.“

243 924 323 988 Hinc
339 925 486 987 Damasus
503 924 559 987 ait:
579 924 759 1003 „Liberium
778 947 881 1009 papam
900 928 936 989 de
954 925 1061 988 exsilio
1080 947 1246 1003 reuersum,
1268 926 1405 987 habitasse
1417 925 1440 985 in

197 1078 206 1091 ,
247 1013 420 1074 coemeterio
445 1024 566 1075 sanotae
593 1015 738 1094 Hagnetis
765 1017 844 1096 apud
872 1013 1094 1090 Constantiam,
1130 1034 1267 1087 sororem
1298 1012 1439 1076 Constantii

244 1098 405 1181 Angusti.“
436 1101 474 1162 [lt
492 1100 591 1180 paullo
609 1100 704 1163 iufra:
729 1101 947 1179 „Constantius
965 1105 1117 1179 Augustus
1139 1102 1222 1164 iacto
1242 1100 1362 1162 concilio
1380 1100 1440 1163 nisit

247 1196 276 1250 ct
293 1187 439 1250 revocarit
455 1187 605 1250 Liberium
625 1190 661 1251 dc
679 1190 851 1253 coemeterio
869 1201 990 1253 sauctae
1006 1189 1187 1271 Hagootis.“
1220 1188 1439 1250 Bibliotherarins
1478 1260 1481 1277 ¹

242 1274 304 1339 ait:
327 1275 535 1352 „Bonifatium
552 1296 657 1358 papam
678 1282 750 1340 urba
767 1277 882 1359 pulsnm
899 1278 1048 1341 habitasse
1064 1274 1228 1359 aliquando
1246 1276 1276 1338 in
1294 1276 1439 1338 coemeterio

247 1371 368 1426 sanctae
385 1363 548 1426 Felicitatis
567 1365 717 1448 martyris,
742 1365 790 1428 ria
809 1365 958 1429 Salarin.“
993 1367 1024 1427 ln
1043 1365 1230 1428 coemeteriis
1247 1365 1356 1428 Romae
1377 1363 1439 1425 ensi·

247 1452 392 1514 stantibus
409 1452 583 1535 baptismum
602 1465 630 1515 et
648 1448 753 1516 missas
768 1452 929 1532 celebrare,
948 1453 1065 1532 vigilias
1079 1456 1252 1531 decantare,
1270 1452 1438 1515 ordinationes

249 1550 277 1602 et
295 1540 454 1616 stationes,
478 1540 588 1617 idest,
613 1560 714 1602 omncs
739 1561 842 1603 sacras
866 1541 1060 1605 caedmonias
1086 1542 1339 1605 habere-reterre
1358 1539 1439 1599 solitos

247 1627 360 1707 fuisse,
388 1629 493 1688 docent
516 1628 719 1709 antiquissima
737 1628 941 1693 ecclesiastica
962 1641 1160 1693 monumenta.
1196 1627 1437 1691 Protonotariuss.

247 1715 400 1777 Romanae
417 1714 561 1779 ecclesiae
581 1715 611 1775 io
630 1723 701 1777 ortis
715 1719 822 1779 Liberii
839 1739 941 1798 pupas,
960 1725 1039 1780 dont.
1055 1725 1082 1781 Ι.
1101 1721 1298 1780 conciliorum:
1316 1715 1437 1790 ..tuatim

139 1846 142 1853 ·
247 1805 298 1864 bnt
312 1801 450 1863 Liberius
467 1820 544 1884 papa
560 1805 597 1865 ah
614 1807 687 1865 urbe
701 1803 797 1866 Roma
813 1804 947 1866 milliario
965 1805 1058 1882 tertio,
1074 1805 1105 1866 in
1122 1806 1300 1869 coemeterio
1314 1798 1435 1875 Novellat,

245 1890 332 1974 juxta
350 1890 556 1964 cocrncterium
573 1890 759 1969 Ostrianurn,
784 1891 834 1953 nbi
853 1892 960 1955 Petrus
979 1891 1132 1973 apostolos
1155 1891 1323 1973 baptizarit.
1352 1890 1437 1952 ultro

248 1991 378 2059 ternpore
400 1977 532 2059 paschae
557 1979 713 2061 baptizarit
729 1980 868 2054 Liberius
888 2002 965 2063 papa
990 1982 1034 2059 (in
1058 1984 1160 2043 eodum
1182 1977 1365 2053 coemeterio)
1384 1995 1436 2056 pro·

249 2064 354 2128 miscui
373 2087 463 2128 sexus
482 2085 603 2129 nnurero
623 2077 747 2149 quatuor
770 2066 864 2130 millia
882 2080 910 2130 ct
929 2069 1099 2131 duodecim:
1125 2068 1197 2150 quia
1216 2089 1316 2130 omnus
1329 2059 1437 2136 Romani,

249 2165 310 2216 eta
331 2153 421 2234 longo
440 2154 501 2232 alii,
520 2167 548 2217 et
565 2156 764 2218 Romanorum
780 2156 868 2218 ricini
886 2157 1092 2219 desiderabant
1111 2159 1149 2219 ab
1173 2160 1279 2221 eodem
1296 2149 1436 2233 baptisari‘·

247 2236 495 2304 bibliothecarius
518 2241 549 2304 in
573 2250 631 2305 oito
655 2250 745 2323 Serpit
766 2267 873 2326 popuc:
907 2243 992 2323 „Hic
1017 2255 1146 2326 tompore
1170 2247 1220 2307 sni
1250 2243 1434 2326 presbyteratus
1467 2286 1469 2292 ,

247 2330 373 2411 impigre
394 2351 445 2409 per
469 2331 644 2393 coemeteria
662 2332 779 2393 diversa
803 2330 960 2394 missarum
978 2329 1134 2396 sollemnia
1153 2331 1348 2396 celebrabat.“
1375 2322 1435 2385 Cot·

248 2417 347 2478 cilium
366 2415 552 2487 Eliberinum
572 2420 627 2479 sub
645 2417 794 2500 Splvcstro
818 2440 896 2501 papa
917 2419 1096 2483 celebratum
1115 2442 1180 2502 rap.
1199 2421 1271 2483 25.:
1295 2410 1434 2493 „utamur

249 2504 443 2584 ‚‚prohibcri‚
463 2527 500 2567 no
517 2505 663 2568 foeminae
683 2506 712 2568 in
732 2508 907 2570 coemeterio
926 2508 1117 2590 pervigilent,
1136 2529 1189 2586 eo,
1209 2508 1285 2590 quod
1301 2522 1379 2583 caupo
1394 2497 1434 2559 sul

249 2594 368 2654 obtentu
396 2594 538 2655 orationis
567 2595 681 2657 scelera
712 2594 834 2658 latenter
861 2598 1069 2661 committant.“
1111 2598 1180 2660 ltern
1208 2617 1246 2659 ex
1277 2595 1390 2673 upolopis
1408 2586 1433 2645 ll·

248 2679 404 2743 Athanasii
420 2685 452 2743 do
466 2685 535 2761 frrpu
550 2706 618 2744 erro:
638 2682 696 2760 „ln
712 2681 897 2747 hebdomada
914 2695 979 2766 post
993 2706 1109 2747 sacram
1126 2685 1321 2764 pentecostem
1336 2671 1434 2758 poptltt

250 2769 402 2850 completis
422 2770 544 2851 jejuniis
569 2773 605 2832 ad
625 2774 765 2833 orandum
790 2776 826 2834 ad
846 2773 1051 2836 coemeterium
1079 2774 1183 2835 abiit.“
1223 2770 1277 2840 Cui
1300 2769 1359 2828 loco
1379 2779 1433 2822 ott·

180 2915 186 2920 .
248 2857 349 2920 venire
368 2856 503 2919 ridentur
518 2858 628 2920 Leonis
648 2881 741 2940 papae
761 2863 869 2925 rerba:
892 2862 1033 2940 „Quarta
1053 2869 1182 2923 etsexta
1200 2855 1432 2938 lcriajejuneunsr

250 2945 393 3009 sabbatho
410 2965 478 3007 voro
496 2949 572 3027 apud
586 2948 618 3010 S.
632 2947 748 3009 Petrum
767 2960 926 3010 consuetas
943 2948 1060 3029 vigilius
1075 2949 1290 3010 celebremus.“
1315 2943 1431 3034 Danasti

247 3055 327 3117 papa
345 3034 376 3095 in
398 3042 456 3096 vita
475 3040 600 3109 Dionysii
617 3058 709 3116 pupuo
732 3037 788 3097 ait:
817 3037 943 3118 „rlpsum
963 3036 1143 3117 preshyteris
1160 3031 1302 3097 Romanis
1320 3022 1431 3116 scelestas

250 3133 279 3185 et
294 3123 469 3185 coemeteria
488 3124 633 3203 (curanda
652 3123 781 3204 seilicet)
804 3124 973 3186 divisisso.“
1005 3123 1243 3189 vetustissimum
1261 3115 1431 3182 aureorum

250 3222 380 3291 tempora
412 3210 715 3274 sanotae'lbotnanae
743 3211 889 3273 ecclcsiae
917 3213 1092 3291 registrum:
1121 3209 1281 3292 „Populus
1303 3205 1431 3267 'Ronanus

249 3299 355 3360 timens
371 3296 466 3357 Duum
490 3294 646 3378 multisque
666 3299 920 3373 persecutionibus
939 3299 1098 3378 fatigatas,
1122 3320 1174 3380 per
1192 3290 1358 3361 coemeteria
1373 3300 1430 3378 oran:

250 3395 345 3465 tyrum
365 3384 506 3445 stationes
527 3385 591 3445 sine
608 3384 725 3446 clericis
745 3383 932 3462 celebrabat,
953 3396 981 3448 et
997 3390 1034 3449 ad
1053 3396 1182 3450 sanctona
1200 3389 1354 3465 Hagnetem
1369 3366 1429 3435 nolu

237 3469 376 3534 ¹fidelium
402 3475 630 3535 convenerunt.“
663 3471 842 3537 Anastasius
865 3473 1111 3537 ttttrttortrcartos
1136 3474 1166 3536 in
1191 3484 1248 3538 uita
1266 3459 1429 3534 narrantur.

248 3583 341 3643 popae
362 3559 404 3621 ita
423 3560 554 3623 scribit:v
576 3559 660 3637 „Hic
684 3559 834 3642 ampliauit
859 3573 886 3626 et
905 3564 1080 3625 restaurarit
1104 3562 1274 3626 coemeteria
1293 3560 1427 3618 sanctornm

248 3655 406 3730 martyrum
424 3659 452 3712 et
467 3648 602 3727 instituit,
619 3660 650 3710 nt
667 3649 840 3729 oblationes,
858 3649 973 3714 ananiae
990 3654 1107 3733 (panem
1124 3649 1241 3713 seilicet
1256 3659 1282 3710 ct
1295 3645 1380 3707 anon
1391 3647 1427 3713 pro

248 3737 395 3801 sacrificio
419 3736 574 3818 intelligit,
601 3736 670 3817 quia
693 3739 767 3799 haec
786 3742 876 3801 verba
894 3739 923 3800 in
947 3738 1004 3801 hoo
1028 3738 1197 3817 significatu
1216 3736 1318 3819 passion
1334 3725 1426 3827 suptili

248 3826 451 3896 inueniuntur)
471 3825 516 3887 rcl
541 3824 696 3887 luminaria
721 3826 752 3887 in
776 3828 886 3890 eisrlom
911 3828 1092 3889 coemeteriis
1112 3849 1163 3908 prr
1183 3844 1281 3888 omnes
1299 3820 1428 3908 domnnrpps

249 3915 285 3976 do
308 3911 466 3979 Lateranis
490 3913 796 3992 administrarenturf‘
833 3915 871 3977 Et
900 3915 1001 3997 paullo
1028 3915 1121 3977 inirar
1152 3916 1262 3990 „Tunc
1283 3889 1425 3999 venerabuli}

246 4022 324 4084 papa
341 4002 469 4063 loannes
494 4000 614 4064 retinuit
633 4022 666 4064 se
684 4002 714 4063 iu
735 4004 909 4065 coornaterio
927 4014 1094 4066 sanctornm
1114 4002 1242 4065 Tiburtii
1261 4008 1286 4061 et
1301 3991 1425 4060 patrarat

250 4101 277 4153 et
296 4088 434 4152 habitarit
455 4088 495 4150 ibi
513 4090 603 4151 multo
621 4098 767 4180 tempopc,
791 4099 822 4152 nt
841 4092 924 4153 etiarn
945 4092 1100 4174 episcopos
1121 4091 1226 4164 ibidem
1245 4066 1425 4151 consecraret.“

247 4180 327 4241 ldcm
346 4180 376 4240 in
395 4184 452 4241 otto
471 4184 599 4258 Greporii
615 4184 673 4241 ΠΙ.
691 4201 799 4260 popone
823 4179 905 4254 „Hic
920 4180 1061 4242 institutis
1080 4180 1232 4259 disposuit,
1250 4185 1279 4238 ut
1292 4172 1423 4253 parrone

248 4266 330 4328 teriis
354 4278 522 4329 sanctornm
540 4278 699 4349 rnartprunr
722 4263 951 4350 circumquaque
968 4269 1072 4348 positis
1088 4268 1211 4345 Romae,
1235 4267 1264 4327 in
1283 4260 1324 4322 die
1341 4240 1424 4347 nttplt·

234 4353 353 4415 ‘tiorum
368 4355 499 4435 ipsorum
515 4356 681 4432 luminaria,
699 4358 736 4417 nd
751 4355 869 4437 vigilias
884 4356 1049 4432 faciendas,
1064 4368 1092 4417 et
1108 4354 1270 4418 oblationes
1282 4352 1314 4411 de
1326 4347 1423 4425 patrunu-

248 4440 313 4504 chio
328 4463 385 4525 per
400 4443 624 4508 oblationarium
643 4446 875 4528 deportarentur,
894 4447 930 4511 ad
948 4444 1140 4509 celebrandas
1158 4444 1277 4526 misma
1289 4451 1343 4521 ptis
1359 4431 1423 4510 qnos

1221 4702 1231 4731 Ι
