3067 5075
286 238 365 359 'ero
407 362 411 367 ¹
726 279 830 342 xurrr.
864 238 975 344 cassi.
988 279 1102 363 uqa

301 450 532 516 Christianorum
551 471 637 514 sacra
660 473 749 534 saepe
773 454 905 536 tyranni,
934 453 1071 516 destituta
1099 461 1160 514 erat
1183 459 1212 513 et
1236 470 1346 532 prorsus
1366 453 1455 515 carebat

301 540 407 604 Verum
425 538 588 620 spiritualis
608 551 687 619 erat,
709 562 785 622 quae
802 542 858 623 ipsi
877 562 1019 605 concessa
1038 541 1148 617 luerat,
1171 547 1308 621 potestas.
1332 538 1456 600 Minabatur

302 626 377 690 cuim
402 627 606 708 peccatoribus
626 630 734 691 sacrae
757 651 822 690 cnm
848 628 984 691 fidelibus
1009 627 1158 691 societatis
1181 627 1456 708 priuationeneanqua

301 737 360 777 non
378 714 464 777 certis
480 736 622 777 aaacrum
643 716 774 778 terminis
792 717 1058 798 circumscriptam,
1081 718 1133 778 serl
1150 724 1330 796 perpetuam,
1348 713 1396 798 nisi
1407 712 1456 774 resi

301 804 449 885 piscercnt
476 823 586 885 eosque
619 804 656 864 ah
681 804 836 882 orationis,
867 800 1028 867 concentus
1053 803 1205 884 omnisque
1225 802 1313 864 sancti
1339 799 1456 862 conmaai

301 889 503 953 communione
521 888 683 970 relegabat.
717 892 802 969 Quod
821 890 917 954 solnm
935 892 1004 954 utile
1022 891 1078 972 init
1093 888 1239 953 ecclesiae
1254 888 1313 951 illis
1328 887 1456 969 temporiiur

302 999 402 1041 rerum
423 990 450 1040 et
467 977 676 1057 necessarium,
695 990 726 1040 ut
742 980 845 1044 horum
865 980 1000 1061 exemplo
1019 988 1048 1041 et
1062 978 1238 1059 discipliuae
1253 977 1344 1057 rigore
1357 973 1456 1056 perterriti

301 1065 352 1128 alii
377 1087 394 1127 a
418 1077 495 1127 recto
522 1065 675 1145 religionis
705 1068 817 1129 tramite
850 1071 987 1130 aberrare
1011 1066 1251 1145 extimescerent,
1282 1062 1377 1125 nomini
1395 1068 1456 1124 auhn

301 1153 460 1215 christiano
490 1155 635 1216 aduersus
667 1155 890 1217 obtrectationes
920 1154 1072 1236 gentilium
1102 1175 1157 1216 sua
1185 1161 1328 1215 constaret
1354 1149 1457 1213 aaran

299 1241 367 1302 Hoc
386 1242 548 1302 docuerunt
567 1250 594 1302 et
611 1260 642 1302 rc
657 1242 722 1322 ipsa
741 1243 982 1325 comprobarunt,
1009 1242 1116 1323 quihus
1142 1242 1345 1323 propagandae
1365 1259 1405 1318 per
1415 1234 1457 1295 uri·

302 1330 419 1391 uersum
438 1339 580 1391 terrarum
597 1332 697 1391 orhem
718 1329 869 1408 doctrinae
885 1329 1061 1393 christianae
1077 1351 1149 1392 rura
1165 1330 1332 1391 demandata
1346 1334 1456 1402 ermano-

300 1416 385 1493 stoli,
412 1419 488 1497 qaorl
516 1418 635 1478 aliunde
659 1416 830 1478 confirmant
853 1439 953 1480 eoram
978 1416 1130 1497 epistolae.
1169 1452 1209 1463 -
1245 1416 1323 1566 ᾗῇ
1349 1412 1456 1475 Utauten

299 1503 421 1584 ligandi,
440 1504 480 1565 ita
498 1514 525 1566 et
542 1502 675 1565 solrcnrli
695 1514 826 1585 potestas
840 1504 920 1569 iacta
935 1506 1031 1589 luerat
1049 1503 1211 1567 ,ecclesium
1277 1502 1284 1517 ‘
1337 1520 1397 1582 quos
1409 1495 1457 1560 serio

301 1591 452 1653 criminum
473 1592 655 1672 poenitebat,
678 1592 716 1653 iis
738 1596 775 1653 arl
799 1612 882 1655 suam
904 1593 1090 1673 omniumque
1115 1613 1268 1654 sacrorum
1283 1587 1457 1673 communicatu

224 1694 228 1711 ¹
300 1679 422 1740 reditum
443 1678 593 1759 praecludi
612 1677 722 1757 noluit,
746 1680 880 1765 quamvis
899 1690 953 1742 nec
981 1681 1116 1743 omnihus
1142 1700 1199 1742 nec
1221 1677 1276 1742 uisi
1299 1675 1392 1753 semel,
1408 1671 1456 1752 aaa

300 1765 474 1846 disciplinae
501 1767 599 1843 rigore
624 1765 752 1845 fractum,
778 1770 900 1829 eundem
925 1777 1042 1848 patere,
1065 1767 1224 1849 aliquando
1251 1764 1373 1830 voluerit.
1406 1759 1458 1821 llulr

299 1852 387 1915 facile
404 1851 593 1933 intelligitur,
617 1857 694 1939 qaod
718 1859 821 1918 modus
838 1876 902 1917 ruar
920 1854 1014 1938 lapsis
1032 1862 1060 1916 et
1077 1854 1293 1938 poenitentibus
1310 1848 1399 1932 agenti
1415 1865 1458 1909 rae

297 1954 357 2020 'que
375 1940 406 2001 ia
427 1941 553 2022 gratiam
570 1943 726 2004 reducendi
746 1944 970 2006 cumfratribus
994 1964 1051 2004 noa
1072 1943 1304 2023 unusidemque
1322 1936 1386 2002 omui
1399 1941 1458 1996 aetate

300 2029 465 2092 chtinu'rrit.
510 2030 618 2093 ilarius
644 2030 700 2092 init
723 2043 868 2113 auctoque
894 2031 1107 2114 posterioribus
1141 2030 1254 2093 seculis
1280 2025 1457 2117 Christianam

298 2138 435 2194 nurnero,
464 2118 588 2180 raaxirae
606 2138 671 2179 cum
688 2140 801 2182 summa
818 2141 913 2185 rerum
935 2119 1015 2201 potiti
1036 2129 1134 2182 essent
1151 2118 1339 2198 imperatores
1354 2108 1456 2175 rhaetica

291 2202 328 2266 'ia
349 2206 476 2285 rigorem
497 2206 641 2282 excreuit,
659 2207 802 2269 intertium
820 2206 1008 2270 humanitatis
1023 2206 1109 2287 leges
1127 2206 1189 2268 iere
1207 2203 1342 2269 excessit.
1361 2193 1430 2278 ἐξ·
1440 2190 1457 2251 l·

236 2342 248 2358 .
291 2293 353 2359 'llia
375 2291 554 2372 simpliciore
578 2293 764 2357 incesserunt
789 2295 916 2375 apostoli
941 2316 1001 2357 sec.
1025 2315 1043 2356 a
1068 2293 1139 2359 car.
1167 2293 1259 2356 nativ.
1275 2294 1298 2357 l.
1320 2290 1413 2352 molan
1428 2300 1456 2380 tr·

298 2376 373 2458 ruti,
395 2386 479 2461 q'uem
497 2379 634 2442 Christus
653 2381 715 2465 ipse
733 2380 895 2463 discipulos
913 2402 985 2444 suos
1002 2381 1118 2458 docuit,
1142 2402 1208 2444 cum
1226 2380 1353 2466 homiues
1371 2374 1458 2439 inell-

298 2488 387 2548 geras
414 2479 442 2528 et
472 2467 644 2551 disciplinas
669 2469 824 2531 sanctioris
855 2470 1039 2552 impatientes
1069 2461 1456 2558 omniumqucaitlmoaitirutt

299 2566 492 2618 conlocaturus
509 2578 527 2618 a
544 2557 745 2619 ccrrrmuaioae
762 2579 817 2619 sua
836 2569 923 2641 atquc
941 2560 1088 2621 consortio
1105 2580 1274 2638 remouere,
1300 2557 1335 2617 iis
1350 2549 1458 2645 maniaci·

297 2643 395 2709 P'rirao
422 2665 546 2726 namque
573 2646 691 2707 fratrem
721 2658 890 2727 peccantem
916 2650 1150 2726 redarguendum
1174 2669 1242 2711 esse
1266 2645 1306 2708 ait
1331 2644 1364 2705 alr
1385 2658 1421 2711 ιθ,
1440 2650 1457 2689 ¹¹

293 2754 384 2816 ,quern
401 2732 550 2815 peccarit;
573 2733 597 2795 si
615 2735 743 2796 conuerti
770 2736 913 2813 noluerit,
944 2735 1125 2798 adhibendos
1150 2755 1219 2797 esse
1245 2753 1329 2796 uuum
1346 2726 1457 2820 aetites

299 2837 373 2903 qaros
400 2821 424 2883 si
450 2824 577 2882 nondam
604 2822 747 2903 audierit,
776 2825 961 2887 dclercarlam
986 2846 1044 2884 rear
1071 2842 1140 2885 esse
1167 2819 1457 2891 acerentinum

299 2910 385 2971 etiarn
403 2910 708 2974 animaduersionibus
725 2912 749 2974 si
768 2934 821 2975 aec
838 2911 934 2973 lcrarn
954 2909 1115 2990 reliquerit,
1137 2921 1196 2971 tura
1216 2913 1327 2973 demum
1342 2897 1457 2992 latentur

288 2992 380 3059 'illam
401 3017 485 3078 csse,
513 3008 545 3059 nt
562 3000 749 3079 publicanum
767 3010 795 3062 et
813 2999 959 3062 ethnicum
987 2998 1106 3082 (Maria.
1127 2994 1177 3076 18,
1198 3001 1271 3059 lh·
1285 2995 1340 3073 17).
1377 2978 1458 3080 Slflils

297 3086 438 3148 sissimus
463 3106 527 3149 curn
550 3087 639 3150 tratre
663 3088 748 3169 lapso
776 3087 883 3167 agendi
904 3088 1018 3148 modus.
1063 3084 1211 3158 Tantum,
1236 3105 1293 3166 qno
1315 3089 1392 3143 sensu
1410 3087 1459 3133 aen

296 3174 405 3271 pieagla
422 3175 497 3250 siat,
522 3196 597 3254 quae
615 3172 769 3236 nonnullis
794 3176 971 3254 obscuritate
995 3171 1301 3249 laborarericlentur,
1325 3166 1394 3230 illnr·
1412 3157 1459 3219 illl

297 3259 346 3322 col
361 3273 464 3341 ωσπερ
484 3253 500 3320 ὃ
524 3252 653 3331 ἐθνικὸς
675 3255 761 3321 καὶὸ
784 3252 936 3341 τελώνης,
961 3263 998 3323 dc
1017 3279 1051 3322 co
1077 3259 1253 3341 interpretes
1268 3279 1324 3321 nou
1344 3251 1403 3316 satis
1415 3261 1459 3305 clt-

298 3346 446 3409 ueniunt*
470 3347 524 3408 Est
542 3350 722 3427 quorundam
745 3347 977 3418 doctissimorum
1001 3348 1127 3410 uirorum
1143 3347 1304 3424 sententia,
1328 3339 1460 3406 cartiano

298 3434 362 3496 suis
382 3451 490 3495 moram
518 3433 647 3497 coluisse
666 3436 844 3497 ludaeorum
870 3436 979 3515 teneri,
1003 3437 1111 3518 quihus
1131 3456 1189 3497 non
1213 3414 1458 3502 cassianensi

291 3515 325 3593 ¹et
337 3521 485 3604 publicani
500 3534 582 3585 erant
599 3522 681 3584 rrulde
695 3523 787 3599 exesi,
805 3525 853 3606 qui
866 3526 902 3587 ad
917 3545 1099 3607 synagogam
1113 3524 1194 3586 aditu
1210 3544 1263 3585 eus
1282 3526 1399 3585 arcentes
1408 3518 1459 3570 anae

252 3617 256 3625 '
297 3633 362 3675 eum
395 3610 433 3673 iis
468 3610 672 3674 commercium
704 3612 923 3695 familiaresque
955 3633 1055 3675 eurum
1081 3633 1263 3693 congressus
1291 3629 1352 3673 cum
1379 3603 1459 3664 baare

182 3744 187 3755 ·
294 3699 460 3780 fugiebant.
502 3699 565 3762 Nec
580 3721 701 3782 prorsus
720 3701 757 3762 nh
777 3702 877 3763 luorum
903 3699 1041 3782 opinione
1053 3700 1252 3777 dissentiunt,
1273 3698 1320 3781 qui
1336 3697 1392 3777 post
1405 3686 1458 3773 litte

196 3787 199 3792 “
292 3787 407 3849 hanc'a
428 3787 547 3851 Christo
574 3789 747 3852 sententiam
768 3790 818 3872 jus
843 3789 948 3870 sasque
964 3788 1071 3849 ‘luisse
1095 3787 1196 3850 dicant
1213 3781 1393 3856 Christianis,
1411 3781 1458 3834 aaa

294 3878 418 3957 prorsus
434 3872 594 3939 alrstincrc'
609 3897 674 3940 curn
693 3875 783 3939 fratre
805 3876 945 3939 socictate
962 3886 991 3938 et
1020 3875 1156 3939 conuictu
1180 3893 1348 3956 omnemque
1364 3883 1414 3963 cul}
1428 3851 1459 3953 ll·

295 3963 424 4028 aversari
446 3959 694 4046 communionem,
713 3965 780 4048 qui,
799 3963 844 4026 rel
862 3974 996 4028 raoaeutc
1014 3976 1042 4027 et
1059 3965 1306 4026 animadvertente
1322 3954 1430 4046 coeleth
1441 3956 1458 3997 ¹¹

290 4052 379 4122 riam
391 4052 490 4115 rcrluri
508 4075 565 4115 non
585 4053 726 4136 potuerit,
745 4071 780 4113 rc
805 4052 921 4133 qrridcm
937 4053 1067 4130 horrore,
1087 4071 1144 4114 non
1163 4073 1219 4133 qno
1235 4047 1372 4123 ludaeis
1387 4031 1458 4120 palat

295 4137 604 4206 exrorurnuaicatichis
638 4142 716 4222 apud
754 4137 940 4202 Christianos
976 4141 1120 4221 originem
1150 4158 1301 4202 arcessere
1340 4146 1403 4212 opat
1423 4129 1459 4178 aa

291 4230 410 4306 inisset,
434 4229 485 4292 seri
504 4222 560 4311 quo
578 4225 619 4289 illi
638 4227 692 4309 ipsi
711 4247 776 4289 cum
793 4228 960 4308 publicanis
985 4237 1013 4290 et
1029 4229 1152 4291 ethnicis
1167 4222 1459 4296 familiaritatemque·

295 4319 339 4379 ris
363 4318 550 4398 deingirntcs
575 4327 783 4378 aversarentur
805 4318 897 4395 atico,
922 4327 952 4378 nt
976 4338 1013 4378 ex
1030 4319 1131 4378 horum
1151 4310 1377 4397 interpretatione
1389 4305 1459 4363 sense

295 4406 448 4476 verborum
473 4406 527 4468 sit:
559 4404 591 4466 Si
617 4402 689 4466 irriti
708 4404 818 4467 luerint
833 4413 862 4466 et
876 4403 1037 4467 frustraaei
1060 4414 1182 4467 conatus
1201 4420 1315 4478 omnes,
1338 4393 1361 4456 si
1375 4390 1460 4460 irrell‘r

294 4489 431 4556 hahuerit
456 4490 721 4580 mouitavquacuis,
747 4493 796 4576 qui
815 4492 952 4576 injuriam
971 4491 1022 4556 tihi
1049 4490 1163 4571 intulit,
1188 4492 1295 4555 irater:
1313 4496 1367 4549 tum
1382 4478 1477 4568 iente·
