3067 5075
338 209 375 277 de
390 205 449 315 ritu
464 204 924 365 sepeliendlnrcrtuotcprnett
930 204 1348 337 marcomede
1402 296 1408 309 ⁸

6 435 10 475 ,
96 386 280 467 medones,
296 386 326 453 id
339 395 395 471 est,
414 407 515 457 omncs
531 397 617 455 actus
632 388 769 475 publicos
782 388 967 473 pontificales
982 328 1133 479 celebrare
1145 391 1347 459 consuevisse
1359 460 1363 471 ,

7 543 10 552 ,
95 476 227 561 ltaque
255 478 330 540 bace
356 476 530 541 coemeteria
556 488 639 541 eraut
657 476 836 544 Christianis
862 479 958 561 (qnod
984 487 1013 541 ιι
1036 501 1117 544 nuuc
1139 479 1230 564 sunt)
1254 478 1348 545 veluti

7 619 9 638 ,
97 567 232 650 templa
259 564 582 644 etoralionnmlocn‚
611 565 775 648 inquibus
801 566 933 651 episcopi
957 570 1087 651 synodos
1113 570 1347 672 congregabant,

96 658 308 720 sacramenta
326 653 576 732 administrabant,
594 655 713 717 verbum
726 654 784 719 Dei
801 655 1062 723 concionabantur.
1090 654 1257 731 Hincillud
1270 657 1348 723 scitu

98 746 262 826 dignum,
292 745 369 826 quod
395 764 461 804 cum
487 742 647 823 imperator
671 742 819 845 quispiam
845 745 1079 848 persecutionem
1102 744 1134 806 in
1160 744 1346 813 christianos

7 887 8 890 ,
95 832 289 897 instaurare
306 830 517 907 constituisset,
538 842 605 893 ante
623 832 721 894 omnia
738 853 789 895 cos
808 853 827 897 ι
843 833 1028 896 coemeteriis
1045 853 1147 899 arcere
1164 830 1289 911 solebat,
1308 853 1347 896 ue

58 966 61 971 -
98 921 136 983 in
163 918 786 987 unumconceuieudieisincullasessct.
820 919 1346 1025 Itaqnclegiurn'sapudEusnbiunn

96 1008 203 1084 (hist
222 1008 295 1073 eccl.
311 1007 333 1069 7
336 1005 441 1091 ,.,11)
460 1004 656 1071 Aemilianum
682 1010 863 1089 praelectum
880 1008 1033 1093 Aegypti
1021 1004 1222 1075 nullaleriaui
1240 1029 1346 1091 persc-

99 1097 240 1163 cutioue
257 1098 298 1157 ila
314 1094 489 1198 Dionysiana
514 1078 703 1177 episcopum,
729 1100 918 1179 presbyteros
937 1107 966 1158 et
984 1095 1109 1161 clericos
1125 1095 1345 1160 Alexandrinos

100 1195 139 1247 et
164 1184 248 1247 alios
267 1182 450 1245 Christianos
470 1183 499 1244 iu
517 1183 634 1245 Christe
659 1184 715 1246 lide
734 1195 904 1247 constantes
922 1182 1137 1268 alloquentem:
1162 1184 1274 1288 „Video
1293 1205 1346 1251 coc

102 1274 172 1353 ing
175 1282 258 1335 ratos
282 1291 365 1349 csse,
392 1270 478 1333 simul
498 1270 703 1353 acslupidns,
727 1272 777 1355 qui
802 1269 987 1334 clementium
1004 1273 1206 1354 Augustorum
1227 1272 1345 1339 minima

103 1358 267 1435 sentiatis.
301 1319 396 1436 porion
421 1363 458 1421 ob
478 1380 541 1421 rem
561 1380 619 1421 uon
643 1358 833 1443 manebitis
824 1381 853 1421 nn
873 1360 930 1423 hac
953 1362 1045 1439 urbe,
1072 1362 1123 1425 sed
1144 1360 1322 1427 mittemini'
1313 1381 1345 1423 ιιι

103 1456 223 1531 partes
242 1445 371 1529 Lybiae,
398 1450 434 1508 ad
453 1447 549 1511 loerrm
560 1495 568 1525 ‚
594 1447 644 1528 qui
665 1447 771 1509 dicitur
788 1447 915 1535 Gephro.
945 1446 1035 1513 Hunc
1052 1449 1127 1510 enim
1145 1447 1268 1510 locum
1255 1467 1348 1530 ynssu

100 1539 327 1616 Augustorum
361 1545 528 1609 nostrorum
561 1535 651 1617 clegi.
698 1535 878 1600 Nullatenus
911 1545 1008 1599 antean
1041 1534 1143 1598 licebit
1173 1534 1258 1599 nobis
1288 1556 1345 1599 nec

102 1626 358 1708 quibuscumque
375 1623 457 1702 aliis,
479 1634 694 1705 concentusag
691 1645 747 1687 ere
765 1635 817 1687 aut
834 1645 884 1702 ea,
903 1634 1148 1707 quaerebantur,
1169 1624 1345 1687 coemeteria

102 1715 236 1779 adire.“
268 1711 308 1773 Ει
324 1711 396 1787 ibid.
412 1710 442 1787 9,
464 1716 513 1775 11.
533 1712 670 1792 legimus,
691 1712 842 1775 Galerium
861 1708 1057 1777 Maximinum
1074 1711 1233 1793 aliquando
1249 1731 1344 1781 eona-

7 1843 12 1860 .
106 1811 182 1865 tuni
207 1802 382 1862 coemeteria
400 1798 579 1862 Christianis
604 1819 710 1861 rursus
735 1801 883 1878 adimere,
913 1821 978 1862 cum
1003 1820 1054 1863 eos
1081 1798 1230 1885 dissipare
1256 1810 1345 1883 atque

107 1889 304 1974 pessundare
322 1885 420 1950 vellet.
452 1887 593 1969 „ltaque,
620 1887 760 1969 „inquit,
784 1889 821 1950 ad
842 1890 1040 1951 subruendum
1065 1906 1167 1966 pacem
1191 1887 1264 1951 nibil
1285 1908 1345 1953 nou

7 2055 8 2058 Ἴ
105 1975 242 2043 ruolitns
264 1984 308 2037 est
317 1983 336 2051 ,“
346 1975 471 2057 primum
495 1975 611 2055 quidem
631 1986 750 2059 nostros
768 1996 786 2039 a
806 1976 1017 2055 conventibus,
1043 1974 1141 2057 quiin
1160 1976 1344 2041 coemeteriis

7 2069 8 2142 ζ
109 2065 184 2129 fieri
202 2064 347 2147 solebant,
365 2062 465 2127 nescio
482 2084 541 2144 quo
559 2073 713 2144 praetextu
730 2084 831 2126 arcere
847 2083 1016 2144 aggressus
1033 2063 1125 2126 est.“‘
1141 2063 1260 2126 Rursus
1278 2085 1345 2127 cum

110 2156 281 2234 imperator
302 2152 378 2215 alius
403 2152 637 2232 persecutionem
662 2154 692 2211 in
711 2173 766 2214 nos
785 2151 943 2233 reprimere
961 2148 1066 2229 nollet,
1092 2161 1161 2213 aule
1181 2152 1345 2233 omniajus

7 2299 9 2306 ,
112 2239 316 2306 conveniendi
333 2241 364 2301 iu
389 2239 564 2301 coemeteria
583 2238 718 2302 reddidit.
753 2240 899 2302 Exstabat
916 2238 1045 2302 Gallieni
1063 2239 1188 2320 Augusti
1207 2239 1345 2320 edictum,

7 2315 9 2406 s
112 2352 178 2414 qno
203 2327 380 2390 Christianis
405 2327 581 2389 coemeteria
605 2347 661 2388 sna
685 2328 798 2391 restitui
814 2327 923 2409 jussit,
955 2337 987 2389 nt
1011 2330 1047 2393 ad
1074 2347 1130 2390 sna
1155 2347 1242 2391 sacru
1264 2328 1344 2393 coire

112 2427 260 2500 possent,
291 2415 437 2496 quibusa
462 2425 544 2497 patre
568 2435 623 2476 suo
647 2414 807 2482 Valeriano
826 2416 1004 2497 imperatore
1028 2415 1129 2499 paullo
1155 2426 1222 2478 nate
1245 2415 1345 2499 impiis

56 2564 60 2568 ,
113 2505 229 2572 edictis
247 2504 386 2587 prohibiti
408 2505 534 2567 inerant.
567 2503 643 2585 Ejus
661 2506 705 2567 roi
720 2505 765 2570 ,ita
784 2505 938 2569 Eusebius
956 2505 1036 2584 (bist.
1054 2503 1127 2567 eccl.
1143 2505 1175 2583 7,
1198 2506 1261 2585 13.)
1280 2526 1344 2568 nne-

7 2626 9 2675 ;
105 2595 222 2672 ¹minitr
247 2593 424 2672 „Valeriano
447 2594 617 2655 abarbaris
638 2603 723 2674 capto
743 2604 771 2656 et
788 2594 818 2655 iu
837 2592 1007 2656 servitutem
1025 2595 1154 2671 redacto,
1180 2592 1260 2658 tilius
1279 2594 1344 2677 ejus

116 2683 280 2747 Gallienus
314 2681 398 2744 solus
425 2680 579 2762 imperinm
612 2681 763 2758 obtinens,
797 2680 977 2744 moderatius
1003 2702 1036 2742 se
1061 2682 1157 2760 gessit
1180 2677 1343 2766 missisque

7 2794 8 2797 ’
114 2770 223 2836 edictis
250 2771 483 2852 persecutionem
507 2771 651 2832 adversus
675 2776 794 2831 nostros
819 2776 989 2832 comanotarn
1020 2768 1134 2832 sedarit
1157 2778 1247 2852 utque
1269 2769 1345 2832 reli-

114 2858 220 2941 gionis
238 2870 356 2921 nostrae
372 2858 519 2920 antistites
529 2854 638 2919 'secure
653 2858 795 2939 deinceps
811 2876 919 2920 munus
933 2876 1019 2918 suum
1033 2857 1158 2934 obirent,
1175 2857 1344 2937 lruy'usmodi

7 2962 9 3027 ζ
114 2947 263 3028 rescripto
281 2947 448 3029 praecepit:
473 2947 632 3027 irnperator
648 2946 761 3007 Caesar
776 2945 809 3009 P.
825 2944 962 3007 Licinius
979 2942 1144 3019 Gallienus,
1161 2943 1240 3023 pius,
1258 2942 1343 3024 felix,

7 3078 9 3105 ;
114 3046 277 3116 augustus,
292 3034 446 3117 Dionysio,
464 3034 587 3110 Pinnae,
600 3033 750 3102 Demetrio
763 3044 791 3095 ct
806 3033 927 3115 reliquis
942 3031 1106 3114 episeopis:
1126 3031 1344 3111 Indulgentiam

7 3128 9 3175 3
108 3122 256 3197 ‚ueneficii
276 3122 368 3184 nostri
392 3143 445 3202 per
462 3122 630 3185 universum
656 3124 754 3192 orbem
779 3120 902 3183 diffundi
924 3121 1129 3200 praecepimus
1151 3128 1183 3182 ul
1208 3120 1345 3184 enuntia

7 3218 8 3221 ’
116 3211 273 3292 religiosis
300 3209 376 3274 loeis
401 3212 569 3274 abscedant.
597 3202 754 3289 ‘Quocirca
782 3219 809 3272 et
828 3230 880 3271 ros
907 3208 1041 3289 rescripti
1068 3208 1161 3270 nostri
1181 3206 1276 3271 forma
1300 3210 1345 3274 nti

115 3299 262 3384 potestis,
286 3311 318 3360 ιι
341 3296 443 3361 nullus
468 3299 550 3362 vobis
575 3298 714 3381 deinceps
740 3298 903 3361 molestiam
926 3297 1069 3362 lacessat.
1102 3296 1197 3379 Atque
1216 3297 1245 3358 id
1266 3295 1343 3379 quid

115 3386 206 3452 vobis
230 3386 352 3466 exsequi
376 3385 462 3461 licet,
482 3389 654 3467 jamdudum
674 3408 692 3449 ι
712 3408 757 3450 mc
778 3408 951 3452 concessum
972 3396 1039 3450 est.
1062 3386 1189 3447 Proinde
1204 3384 1345 3454 Aurelius
1383 3425 1387 3429 -

117 3472 270 3557 cyrenius
288 3482 460 3556 procurator
470 3494 600 3534 summae
612 3475 666 3551 rei,
684 3476 741 3538 dati
756 3496 775 3538 a
788 3477 873 3540 uobis
888 3476 1023 3555 rescripti
1036 3474 1160 3536 formam
1173 3478 1345 3556 sequetur.“

117 3564 159 3627 Et
178 3557 279 3642 paullo
304 3569 386 3641 post:
415 3559 500 3638 „Est
519 3569 548 3622 et
566 3558 626 3620 alia
651 3563 783 3642 ejusdem
808 3563 995 3663 imperatoris
1020 3560 1187 3624 constitutio
1212 3565 1247 3626 ed
1268 3563 1345 3626 alios

118 3650 375 3733 episcopandum,
401 3669 460 3729 qna
486 3647 524 3709 iis
545 3648 685 3729 permisit,
704 3659 736 3709 nt
760 3648 999 3711 coemeteriorum
1025 3668 1145 3710 suorum
1169 3648 1237 3710 loen
1256 3670 1346 3716 recu-

120 3748 267 3822 perarent.
270 3740 288 3771 “
322 3736 529 3799 Eusebius'c
498 3760 529 3797 no
509 3736 590 3816 nitur
607 3735 727 3813 indicat,
750 3736 947 3841 praecipuum.
961 3737 1039 3819 ejus
1045 3734 1218 3800 beneficiam
1238 3736 1345 3816 inisse,

120 3828 199 3909 qnod
218 3824 384 3907 permiserit
397 3825 583 3888 Christianos
599 3845 776 3907 recuperare
794 3821 977 3888 cocrdeteriu.
1010 3822 1110 3886 Oura
1101 3823 1193 3903 agitur
1208 3826 1345 3892 audimus

121 3936 157 3978 ea
169 3912 348 3977 Christianis
368 3915 503 4017 permitti,
520 3913 713 3993 intelligimus
730 3913 816 3977 etiarn
834 3913 970 3996 permitti,
987 3921 1019 3975 nt
1034 3914 1071 3975 ad
1089 3932 1145 3976 sua
1161 3933 1248 3977 sacru
1264 3916 1345 3978 coire

121 4002 248 4084 possint.
281 4001 436 4065 Gallienus
453 4001 501 4066 sni
519 4002 604 4064 edre
587 4014 605 4064 ιι
623 4005 775 4065 custodem
792 4014 820 4065 ιι
835 4001 924 4064 veluti
943 4011 1128 4082 executorem
1146 4022 1182 4065 ac
1198 4004 1344 4067 vindicem

111 4091 254 4153 nominat
270 4092 415 4194 quendanp
433 4089 587 4153 Aurelium
604 4091 771 4169 Quirinum.
806 4076 853 4153 En
869 4090 943 4153 bis
933 4090 1026 4171 egitur
1041 4069 1143 4173 liquet,
1160 4094 1239 4170 apud
1255 4090 1345 4156 Glari-

124 4179 237 4242 stianos
267 4167 507 4259 persecutionum
538 4190 667 4261 tempore
686 4180 862 4243 coernreleria
887 4178 1047 4264 praecipua
1071 4180 1214 4283 quaedam
1236 4178 1346 4263 templa

112 4267 187 4330 rive
212 4263 277 4329 loco
304 4287 390 4330 saera
408 4268 520 4345 fuisse,
544 4268 704 4349 inquibus
728 4271 764 4331 ad
790 4291 846 4333 sna
865 4289 951 4332 sacra
971 4268 1127 4332 convenire
1146 4278 1277 4348 possent.
1309 4269 1345 4340 ln

123 4354 308 4418 coemeteriis
337 4354 468 4419 fabricas
495 4356 661 4420 materiales
686 4356 800 4438 luisse,
833 4379 984 4424 sacrorum
1011 4353 1214 4438 mysteriorum
1239 4356 1344 4426 usibus

111 4452 299 4541 ‚exstructas
316 4457 420 4520 auctor
436 4451 482 4510 est
494 4445 642 4512 Damasus
659 4467 745 4532 papa,
763 4469 812 4533 qur
804 4447 872 4532 (in
886 4454 922 4523 S.
932 4449 1052 4512 Fabiani
1067 4465 1159 4540 popae
1173 4457 1199 4510 ct
1211 4435 1354 4526 mortmls'
