3067 5075
280 248 347 313 330
605 194 608 197 ¹
650 241 742 311 XLV.
775 242 946 327 onuphrius
961 222 1124 311 amane·

283 441 360 483 nrm.
388 416 653 496 „sanctimonialis
669 417 778 482 semina
788 420 876 505 Bega
891 421 1003 485 audivit
1016 423 1114 497 sulita
1130 422 1162 487 itt
1172 428 1238 486 aere
1253 430 1343 484 nemu
1356 441 1455 509 canpe,

282 529 339 575 nae
357 528 472 584 sunum,
496 524 556 587 qun
573 510 609 569 ad
629 509 777 570 arationes
794 510 917 572 excitari
937 510 981 572 rel
1001 511 1156 574 euuvneari
1174 504 1449 592 selelranl,'enn·quia

283 618 383 660 eornm
401 598 437 657 de
455 592 557 657 serula
580 595 686 665 luisset
704 611 841 660 evuratns
859 601 936 660 ete.“
974 598 1001 660 F
1004 601 1087 661 uerri
1105 600 1231 662 Rotnani
1252 597 1380 681 pontilicis
1399 619 1448 677 pre·

281 687 415 768 sbyteros
431 697 459 747 et
475 684 615 745 diaeonus
633 697 752 748 sanetae
763 685 916 750 Ramame
936 686 1082 750 ecelesiae
1099 687 1240 751 interesse
1254 688 1358 765 debere,
1376 684 1450 749 statuit

190 776 193 783 ⁴
281 772 459 836 Benedictus
477 771 529 834 tlt.

371 858 511 941 capvt.
550 858 603 920 lle
633 861 739 920 mede
769 860 996 940 sepeliendi
1023 860 1292 925 Christianus.
1326 859 1450 938 Religiane

282 948 442 1012 eltristiana
461 946 608 1028 paullatim
629 959 789 1025 crescente,
815 948 904 1010 multa
923 948 1017 1011 saneti
1038 949 1170 1011 hemines
1189 971 1242 1031 pra
1258 948 1450 1011 Christia‘nerun

280 1038 431 1119 sepultura
451 1034 624 1096 reerneteria
641 1035 832 1113 falarie-arunt,
858 1037 966 1118 quinus
983 1038 1071 1099 eet-tis
1086 1040 1230 1119 sertisque
1246 1037 1331 1116 lvnria,
1352 1036 1450 1097 lunestis

280 1128 405 1202 ritihus,
429 1125 530 1185 eadem
551 1140 673 1203 eurpnra
692 1127 899 1186 reconderent:
924 1125 1051 1186 lraminis
1069 1125 1146 1186 enirn
1166 1125 1328 1207 sepulerum
1345 1136 1450 1205 perpetua

280 1214 378 1294 magni
397 1213 539 1274 fererant.
574 1210 691 1272 Causas
712 1214 834 1273 reddunt
852 1213 992 1293 Origines
1011 1226 1040 1275 et
1056 1213 1253 1294 Augustinus.
1284 1212 1380 1275 Seriltlt
1397 1210 1450 1271 enin

280 1305 330 1373 itte
347 1311 448 1379 (contr.
460 1303 568 1362 celsam
581 1300 600 1357 5
615 1308 641 1373 l:
658 1300 815 1376 „Humana
832 1321 965 1380 eerpera,
983 1313 1014 1361 ut
1029 1302 1144 1364 anianae
1158 1300 1301 1363 domicilia
1317 1312 1342 1363 et
1354 1298 1450 1362 sanctia·

279 1393 320 1454 ris
338 1390 520 1472 praeeipune,
539 1386 763 1468 haudquaquam
781 1399 849 1450 sunt
865 1389 1033 1471 rejicienda,
1050 1391 1157 1471 quippe
1175 1410 1251 1472 quae
1264 1412 1299 1453 ex
1318 1388 1451 1470 nptituarun

278 1479 379 1559 legum
408 1477 554 1557 permissu
578 1496 644 1535 eunt
664 1476 841 1552 horroribus,
866 1477 914 1556 qni
934 1478 1034 1539 haberi
1053 1479 1100 1539 liis
1125 1490 1267 1558 possunt,
1293 1484 1320 1539 el
1337 1475 1450 1555 sepultura

280 1569 468 1651 dignantur.“
501 1564 538 1624 Et
557 1562 642 1641 (inin.
659 1564 719 1643 8.)t
739 1563 951 1640 „Rationalem
969 1566 1094 1627 animatu
1113 1565 1259 1628 honerare
1276 1564 1415 1639 didicimus,
1431 1568 1450 1621 el

280 1656 370 1736 ltnjus
389 1671 502 1732 organa
521 1651 656 1729 sepulcre
679 1650 838 1712 honorifice
861 1654 1068 1715 demtrndare.“
1115 1653 1172 1714 llie
1196 1675 1266 1716 reru
1288 1656 1331 1733 (de
1344 1658 1403 1715 eluit.
1416 1653 1450 1711 liti

281 1745 310 1819 l,
329 1743 412 1816 tat:
434 1739 524 1816 „Nee
545 1738 612 1798 iden
630 1750 725 1800 tamen
744 1743 955 1802 contemnenda
977 1753 1006 1802 et
1022 1741 1189 1824 abjicienda
1208 1751 1276 1803 sunt
1294 1759 1399 1820 eerpnra
1414 1738 1449 1796 de·

201 1876 205 1879 ,
278 1831 443 1893 functurum
461 1823 643 1907 maximeque
656 1826 802 1908 justarum
827 1839 913 1910 atque
928 1826 1068 1907 fidelium,
1086 1830 1194 1911 quibus
1216 1841 1352 1911 tamquam
1363 1816 1450 1904 organis

279 1930 308 1981 et
325 1915 403 1979 vasis
420 1915 457 1976 ad
476 1914 551 1975 lten‘a
569 1935 658 1995 opera
674 1926 793 1975 sanetus
811 1934 883 1978 usus
900 1929 945 1977 est
958 1916 1091 1996 spiritus.
1123 1918 1156 1981 Si
1172 1918 1250 1980 enirn
1264 1930 1374 1999 paterne
1386 1909 1449 1975 testis

279 2018 307 2069 et
323 2005 462 2080 annulus,
485 2021 520 2063 ae
537 2000 563 2063 si
581 2003 649 2083 quid
668 2001 845 2083 hujusmodi,
865 2014 942 2066 tanto
962 2004 1062 2066 uarius
1080 2006 1124 2067 e'st
1140 2005 1277 2086 pesteris,
1296 2016 1388 2086 quante
1401 2017 1450 2078 erga

278 2104 415 2178 parentes
431 2091 525 2172 major
540 2088 680 2167 effeetus,
693 2090 785 2151 'nulle
805 2093 889 2152 mede
907 2092 971 2173 ipsa
989 2096 1156 2174 spernenda
1172 2107 1242 2156 sunt
1257 2113 1385 2174 enrpera,
1397 2104 1450 2169 qttt

278 2181 378 2264 utique
401 2177 492 2242 multu
517 2177 692 2240 familiarius
716 2192 803 2259 atque
822 2179 1025 2262 conjunctius,
1048 2202 1134 2262 quatu
1151 2182 1301 2263 quaelihet
1322 2180 1450 2240 indumenta

276 2283 438 2350 gestamus.
471 2265 554 2327 llaec
573 2266 649 2328 enim
669 2287 725 2327 nan
746 2270 782 2329 ad
802 2279 1001 2330 ornamentum
1024 2267 1071 2331 vel
1092 2260 1287 2351 adjutorium,
1311 2267 1377 2350 qued
1390 2257 1461 2324 attii

277 2361 363 2421 betur
385 2354 588 2429 extrinsecus,
613 2357 664 2415 sed
691 2355 841 2437 adipeam
862 2368 995 2418 naturam
1021 2357 1147 2420 huminis
1171 2358 1325 2439 pertinent.
1355 2352 1450 2416 natea

277 2446 461 2525 antiquorum
485 2442 632 2522 justornm
659 2441 763 2504 lunera
790 2442 923 2506 ollieiosa
948 2444 1055 2526 pietate
1081 2456 1275 2509 curararum
1298 2455 1325 2507 et
1342 2434 1449 2520 >exequiae

277 2531 444 2597 celebratae
461 2538 489 2589 el
505 2527 656 2611 sepultura
673 2531 804 2614 pravisn3
823 2531 938 2615 ipsique
955 2534 1022 2595 dnm
1040 2531 1179 2611 viverent,
1198 2537 1235 2597 de
1252 2528 1408 2615 sepeliendis
1419 2519 1449 2585 tel

277 2622 363 2686 etiarn
386 2616 600 2682 transferendis
623 2618 687 2680 suis
711 2620 884 2701 corporibus
902 2619 971 2683 liliis
989 2624 1232 2684 mandaverunt.“
1265 2623 1326 2684 llas
1342 2610 1449 2699 igitnrrl

277 2730 384 2774 causas
402 2706 551 2768 ltetninum
569 2727 693 2788 enrpara
710 2715 825 2769 veteres
842 2720 936 2771 terrae
950 2712 1134 2780 mandarunt„
1165 2711 1204 2772 Et
1220 2710 1332 2793 quidem
1348 2726 1397 2784 nnn
1407 2698 1450 2762 sint

190 2844 195 2850 ι
278 2798 410 2882 perir-ule
434 2794 595 2874 Christiani
628 2794 748 2875 saepius
773 2807 929 2877 martyrum
956 2818 1080 2877 corpora
1104 2803 1275 2861 reverenter
1299 2809 1325 2859 et
1347 2788 1450 2870 vetigia

225 2919 228 2922 ·
276 2886 470 2969 sepeliebant.
502 2884 589 2961 Quod
605 2884 712 2945 asterii
731 2882 804 2945 rivis
820 2884 944 2947 Romani
961 2886 1069 2964 divitis,
1089 2885 1208 2957 nobilia,
1226 2885 1348 2965 patritii,
1363 2888 1450 2944 senate·

276 2975 319 3038 ris
344 2985 372 3036 et
401 2973 607 3052 imperaturum
633 2970 787 3053 propinqui
815 2972 979 3053 exemplum
1006 2983 1144 3035 testatur:
1177 2973 1226 3055 qui
1255 2995 1317 3036 enm
1339 2966 1450 3032 Marinnn

170 3051 174 3062 i
277 3074 429 3145 martyrem
447 3059 614 3124 Caesareae
630 3058 836 3141 Cappadociae
854 3063 949 3141 eapite
967 3061 1083 3141 plexum
1100 3061 1297 3144 sepelivisset,
1315 3081 1347 3122 ea
1360 3054 1450 3119 lacteat

275 3152 340 3232 ipse
358 3149 453 3231 rapite
470 3167 576 3211 caesus
594 3158 646 3224 est,
666 3159 697 3209 ut
712 3159 815 3209 anetae
831 3159 876 3210 est
892 3149 1040 3212 llnselvius
1059 3147 1140 3229 (laist.
1157 3150 1229 3212 eeel.
1247 3151 1279 3228 7,
1295 3148 1366 3226 tel:
1382 3140 1449 3221 „0⁰⁰¹

274 3240 305 3301 in
325 3237 546 3301 eunaumrrtlnne
569 3234 705 3312 martyris
728 3234 839 3296 Marini
858 3236 992 3299 Asterius
1001 3241 1029 3314 ,“
1052 3236 1163 3318 inquit,
1192 3241 1348 3317 „adesset,
1374 3243 1450 3307 uertat

274 3326 358 3388 illius
378 3324 471 3402 eapite
490 3336 622 3383 trunsum
647 3340 711 3383 euru
729 3321 858 3383 humeris
876 3322 965 3401 suis,
978 3323 1191 3406 splendideque
1209 3336 1238 3388 et
1257 3324 1373 3407 pretiose
1387 3317 1450 3377 iutr-

276 3423 372 3476 mentn
387 3407 553 3488 impositum
572 3406 674 3469 detulit
690 3417 718 3470 el
733 3409 983 3490 splendidissime,
1003 3431 1144 3493 quantum
1164 3414 1360 3488 conveniebat,
1376 3397 1450 3484 sepvl-

197 3501 203 3512 ‘
276 3509 360 3564 lurae
383 3496 498 3560 tradidit
521 3509 549 3558 et
571 3497 726 3575 lunarem,
751 3517 836 3578 quem
861 3500 978 3581 martyri
997 3500 1117 3576 detulit,
1143 3501 1281 3563 enutinuo
1300 3500 1359 3581 ipse
1373 3499 1451 3568 nartp

275 3587 472 3671 assequitur*
498 3585 645 3667 Origenes
661 3589 723 3667 (lid.
737 3589 764 3649 1.
781 3598 921 3650 cantarent.
938 3595 967 3649 ia
983 3589 1097 3669 delam)
1114 3589 1243 3651 meminit
1259 3583 1372 3670 pretiosi
1385 3574 1450 3643 vesti·

275 3691 339 3754 tus,
363 3698 420 3758 que
444 3674 549 3736 mur—tui
573 3674 667 3735 ornati
686 3676 717 3735 in
737 3685 844 3737 terram
863 3675 971 3738 conditi
989 3687 1068 3740 sunt.
1101 3677 1196 3755 Quem
1214 3678 1239 3739 si
1258 3676 1322 3758 quis
1337 3692 1382 3755 pru
1399 3682 1450 3728 ren·

274 3766 431 3830 suetudine
455 3763 558 3840 mertui
583 3762 669 3823 amiel
694 3764 809 3843 eorpori
833 3763 1008 3826 involvenda
1027 3764 1140 3827 mittere
1162 3764 1371 3836 constituisset,
1391 3749 1449 3837 prius

236 3899 241 3920 .
274 3851 494 3941 eenseindelrat,
510 3870 594 3912 naen
607 3851 644 3912 alr
657 3850 796 3931 imprultis
808 3856 958 3933 subrepto,
973 3872 1080 3935 eorpus
1092 3854 1287 3918 irreverenter
1300 3850 1450 3933 aliprandus·

273 3938 477 4024 Eutyeltianus
501 3957 593 4019 papa,
617 3950 737 4001 austere
756 3940 903 4019 Damaso,
929 3940 1094 4014 constituit,
1116 3940 1332 4023 etquicunque
1353 3929 1449 3997 flattina

275 4042 429 4113 martyrem
446 4027 594 4109 sepeliret,
613 4026 641 4089 id
662 4028 727 4089 sine
742 4026 900 4090 dalmatica
923 4039 975 4091 ant
991 4028 1118 4091 eellaltie
1137 4038 1297 4110 purpurata
1314 4023 1449 4087 nuttamn

271 4121 394 4198 laceret,
419 4128 447 4188 et
468 4115 604 4177 manibus
623 4114 687 4177 suis
706 4135 759 4196 per
774 4116 889 4179 diversa
908 4115 975 4179 laea
994 4117 1056 4180 342
1073 4130 1215 4199 martyres
1232 4114 1369 4198 sepelivit.
1393 4105 1449 4167 Prn-

273 4208 409 4287 denlius,
433 4225 508 4288 qnae
526 4203 557 4264 in
576 4202 716 4272 ecelesiis.
734 4199 966 4267 accidentalibus
993 4206 1024 4266 in
1043 4206 1202 4267 vestiendis
1220 4218 1248 4267 et
1266 4196 1398 4281 ungendis
1411 4191 1449 4249 lt·

189 4326 195 4330 ·
271 4291 438 4365 innatorum
462 4290 633 4369 cerporibus
657 4291 719 4352 lieri
740 4291 830 4357 sulita
853 4305 970 4373 essent,
997 4293 1168 4357 brevissime
1187 4292 1311 4377 explieat
1328 4289 1356 4350 in
1375 4287 1449 4359 land

272 4390 302 4450 la
319 4390 442 4469 exequiis
456 4383 648 4460 defunctarum
663 4379 725 4443 sie:
749 4383 750 4386 ’
1139 4380 1143 4386 ’
1291 4403 1295 4407 -
